@article{Gigerenzer2005,
    title = {{"A 30{\%} chance of rain tomorrow": How does the public understand probabilistic weather forecasts?}},
    year = {2005},
    journal = {Risk Analysis},
    author = {Gigerenzer, Gerd and Hertwig, Ralph and Van Den Broek, Eva and Fasolo, Barbara and Katsikopoulos, Konstantinos V},
    number = {3},
    pages = {623--629},
    volume = {25},
    doi = {10.1111/j.1539-6924.2005.00608.x},
    issn = {02724332}
}

@article{Zsoter2009,
    title = {{"Jumpiness" of the ECMWF and Met office EPS control and ensemble-mean forecasts}},
    year = {2009},
    journal = {Monthly Weather Review},
    author = {Zsoter, Ervin and Buizza, Roberto and Richardson, David},
    number = {11},
    pages = {3823--3836},
    volume = {137},
    doi = {10.1175/2009MWR2960.1}
}

@article{Martina2006,
    title = {{A Bayesian decision approach to rainfall thresholds based flood warning}},
    year = {2006},
    journal = {Hydrology and Earth System Sciences},
    author = {Martina, M. L.V. and Todini, E and Libralon, A},
    number = {3},
    pages = {413--426},
    volume = {10},
    doi = {10.5194/hess-10-413-2006},
    issn = {16077938}
}

@article{Jain2018,
    title = {{A Brief review of flood forecasting techniques and their applications}},
    year = {2018},
    journal = {International Journal of River Basin Management},
    author = {Jain, Sharad Kumar and Mani, Pankaj and Jain, Sanjay K and Prakash, Pavithra and Singh, Vijay P and Tullos, Desiree and Kumar, Sanjay and Agarwal, S P and Dimri, A P},
    number = {3},
    pages = {329--344},
    volume = {16},
    doi = {https://doi.org/10.1080/15715124.2017.1411920}
}

@article{Schaumann2020,
    title = {{A Calibrated Combination of Probabilistic Precipitation Forecasts to Achieve a Seamless Transition from Nowcasting to Very Short-Range Forecasting}},
    year = {2020},
    journal = {Weather and Forecasting},
    author = {Schaumann, Peter and de Langlard, Mathieu and Hess, Reinhold and James, Paul and Schmidt, Volker},
    number = {3},
    pages = {773--791},
    volume = {35},
    doi = {10.1175/waf-d-19-0181.1},
    issn = {0882-8156}
}

@article{Amengual2017,
    title = {{A comparison of ensemble strategies for flash flood forecasting: The 12 October 2007 case study in Valencia, Spain}},
    year = {2017},
    journal = {Journal of Hydrometeorology},
    author = {Amengual, Arnau and Carri{\'{o}}, D S and Ravazzani, G and Homar, V.},
    number = {4},
    pages = {1143--1166},
    volume = {18},
    doi = {10.1175/JHM-D-16-0281.1}
}

@article{Necker2020,
    title = {{A convective-scale 1,000-member ensemble simulation and potential applications}},
    year = {2020},
    journal = {Quarterly Journal of the Royal Meteorological Society},
    author = {Necker, Tobias and Geiss, Stefan and Weissmann, Martin and Ruiz, Juan and Miyoshi, Takemasa and Lien, Guo Yuan},
    number = {728},
    pages = {1423--1442},
    volume = {146},
    doi = {10.1002/qj.3744}
}

@article{Papagiannaki2013,
    title = {{A database of high-impact weather events in Greece: A descriptive impact analysis for the period 2001-2011}},
    year = {2013},
    journal = {Natural Hazards and Earth System Science},
    author = {Papagiannaki, K and Lagouvardos, K and Kotroni, V},
    number = {3},
    pages = {727--736},
    volume = {13},
    doi = {https://doi.org/10.5194/nhess-13-727-2013}
}

@article{Reed2007,
    title = {{A distributed hydrologic model and threshold frequency-based method for flash flood forecasting at ungauged locations}},
    year = {2007},
    journal = {Journal of Hydrology},
    author = {Reed, Seann and Schaake, John and Zhang, Ziya},
    number = {3-4},
    pages = {402--420},
    volume = {337},
    doi = {https://doi.org/10.1016/j.jhydrol.2007.02.015}
}

@incollection{Caporali2011,
    title = {{A Distributed Hydrological Model of Flash-Floods}},
    year = {2011},
    booktitle = {Coping With Flash Floods},
    author = {Caporali, Enrica},
    pages = {203--218},
    publisher = {Springer Netherlands},
    doi = {https://doi.org/10.1007/978-94-010-0918-8{\_}20}
}

@article{Hall2015,
    title = {{A European flood database: Facilitating comprehensive flood research beyond administrative boundaries}},
    year = {2015},
    journal = {Proceedings of the International Association of Hydrological Sciences},
    author = {Hall, J. and Arheimer, B. and Aronica, G. T. and Bilibashi, A. and Boh{\'{a}}{\v{c}}, M. and Bonacci, O. and Borga, M. and Burlando, P. and Castellarin, A. and Chirico, G. B. and Claps, P. and Fiala, K. and Ga{\'{a}}l, L. and Gorbachova, L. and G{\"{u}}l, A. and Hannaford, J. and Kiss, A. and Kjeldsen, T. and Kohnov{\'{a}}, S. and Koskela, J. J. and MacDonald, N. and Mavrova-Guirguinova, M. and Ledvinka, O. and Mediero, L. and Merz, B. and Merz, R. and Molnar, P. and Montanari, A. and Osuch, M. and Parajka, J. and Perdig{\~{a}}o, R. A.P. and Radevski, I. and Renard, B. and Rogger, M. and Salinas, J. L. and Sauquet, E. and {\v{S}}raj, M. and Szolgay, J. and Viglione, A. and Volpi, E. and Wilson, D. and Zaimi, K. and Bl{\"{o}}schl, G.},
    pages = {89--95},
    volume = {370},
    doi = {https://doi.org/10.5194/piahs-370-89-2015}
}

@article{Titley2020,
    title = {{A global evaluation of multi-model ensemble tropical cyclone track probability forecasts}},
    year = {2020},
    journal = {Quarterly Journal of the Royal Meteorological Society},
    author = {Titley, Helen A. and Bowyer, Rebecca L. and Cloke, Hannah L.},
    number = {726},
    pages = {531--545},
    volume = {146},
    doi = {10.1002/qj.3712}
}

@article{Nguyen2016,
    title = {{A high resolution coupled hydrologic–hydraulic model (HiResFlood-UCI) for flash flood modeling}},
    year = {2016},
    journal = {Journal of Hydrology},
    author = {Nguyen, Phu and Thorstensen, Andrea and Sorooshian, Soroosh and Hsu, Kuolin and AghaKouchak, Amir and Sanders, Brett and Koren, Victor and Cui, Zhengtao and Smith, Michael},
    pages = {401--420},
    volume = {541},
    doi = {https://doi.org/10.1016/j.jhydrol.2015.10.047}
}

@incollection{Ganoulis2011,
    title = {{A Hydro-Social Modeling Approach for Flash Flooding Alleviation}},
    year = {2011},
    booktitle = {Coping With Flash Floods},
    author = {Ganoulis, Jacques},
    pages = {65--74},
    publisher = {Springer Netherlands},
    doi = {https://doi.org/10.1007/978-94-010-0918-8{\_}9}
}

@article{Roulston2006,
    title = {{A laboratory study of the benefits of including uncertainty information in weather forecasts}},
    year = {2006},
    journal = {Weather and Forecasting},
    author = {Roulston, Mark S and Bolton, Gary E and Kleit, Andrew N and Sears-Collins, Addison L},
    number = {1},
    pages = {116--122},
    volume = {21},
    doi = {10.1175/WAF887.1}
}

@article{Roulston2009,
    title = {{A laboratory-based study of understanding of uncertainty in 5-day site-specific temperature forecasts}},
    year = {2009},
    journal = {Meteorological Applications},
    author = {Roulston, Mark S. and Kaplan, Todd R.},
    number = {2},
    pages = {237--244},
    volume = {16},
    doi = {10.1002/met.113}
}

@article{Hewson2020a,
    title = {{A new low cost tecnique improves weather forecast across the world}},
    year = {2020},
    journal = {Preprint},
    author = {Hewson, Tim and Pillosu, Fatima},
    arxivId = {arXiv:2003.14397}
}

@article{Murphy1966,
    title = {{A Note on the Utility of Probabilistic Predictions and the Probability Score in the Cost-Loss Ratio Decision Situation}},
    year = {1966},
    journal = {Journal of Applied Meteorology},
    author = {Murphy, Allan H.},
    number = {4},
    pages = {534--537},
    volume = {5},
    doi = {10.1175/1520-0450(1966)005<0534:anotuo>2.0.co;2},
    issn = {0021-8952}
}

@article{Wahl2017,
    title = {{A novel convective-scale regional reanalysis COSMO-REA2: Improving the representation of precipitation}},
    year = {2017},
    journal = {Meteorologische Zeitschrift},
    author = {Wahl, Sabrina and Bollmeyer, Christoph and Crewell, Susanne and Figura, Clarissa and Friederichs, Petra and Hense, Andreas and Keller, Jan D and Ohlwein, Christian},
    number = {4},
    pages = {345--361},
    volume = {26},
    doi = {10.1127/metz/2017/0824}
}

@article{Khajehei2020,
    title = {{A Place-based Assessment of Flash Flood Hazard and Vulnerability in the Contiguous United States}},
    year = {2020},
    journal = {Scientific Reports},
    author = {Khajehei, Sepideh and Ahmadalipour, Ali and Shao, Wanyun and Moradkhani, Hamid},
    number = {1},
    volume = {10},
    doi = {10.1038/s41598-019-57349-z}
}

@article{Aroca-Jimenez2018,
    title = {{A quantitative methodology for the assessment of the regional economic vulnerability to flash floods}},
    year = {2018},
    journal = {Journal of Hydrology},
    author = {Aroca-Jim{\'{e}}nez, Estefanía and Bodoque, José M and Garc{\'{i}}a, Juan A and D{\'{i}}ez-Herrero, Andrés},
    pages = {386--399},
    volume = {565},
    doi = {10.1016/j.jhydrol.2018.08.029}
}

@misc{Yin2014,
    title = {{A review of advances in urban flood risk analysis over China}},
    year = {2014},
    booktitle = {Stochastic Environmental Research and Risk Assessment},
    author = {Yin, Jie and Ye, Mingwu and Yin, Zhane and Xu, Shiyuan},
    number = {3},
    pages = {1063--1070},
    volume = {29},
    doi = {10.1007/s00477-014-0939-7}
}

@misc{See2019,
    title = {{A review of citizen science and crowdsourcing in applications of pluvial flooding}},
    year = {2019},
    booktitle = {Frontiers in Earth Science},
    author = {See, Linda},
    pages = {44},
    volume = {7},
    doi = {10.3389/feart.2019.00044},
    issn = {22966463}
}

@misc{Trzaska2014,
    title = {{A review of downscaling methods for climate change projections}},
    year = {2014},
    booktitle = {United States Agency for International Development by Tetra Tech ARD},
    author = {Trzaska, S and Schnarr, E},
    pages = {1--42},
    url = {http://www.ciesin.org/documents/Downscaling_CLEARED_000.pdf}
}

@misc{Prein2015,
    title = {{A review on regional convection-permitting climate modeling: Demonstrations, prospects, and challenges}},
    year = {2015},
    booktitle = {Reviews of Geophysics},
    author = {Prein, Andreas F and Langhans, Wolfgang and Fosser, Giorgia and Ferrone, Andrew and Ban, Nikolina and Goergen, Klaus and Keller, Michael and T{\"{o}}lle, Merja and Gutjahr, Oliver and Feser, Frauke and Brisson, Erwan and Kollet, Stefan and Schmidli, Juerg and Van Lipzig, Nicole P.M. and Leung, Ruby},
    number = {2},
    pages = {323--361},
    volume = {53},
    doi = {https://doi.org/10.1002/2014RG000475}
}

@article{Li2017,
    title = {{A review on statistical postprocessing methods for hydrometeorological ensemble forecasting}},
    year = {2017},
    journal = {Wiley Interdisciplinary Reviews: Water},
    author = {Li, Wentao and Duan, Qingyun and Miao, Chiyuan and Ye, Aizhong and Gong, Wei and Di, Zhenhua},
    number = {6},
    pages = {e1246},
    volume = {4},
    doi = {10.1002/wat2.1246}
}

@article{=,
    title = {{A Similarity-Based Implementation of the Schaake Shuffle}},
    year = {2016},
    journal = {Monthly Weather Review},
    author = {Schefzik, Roman},
    number = {5},
    pages = {1909--1921},
    volume = {144},
    doi = {https://doi.org/10.1175/MWR-D-15-0227.1}
}

@article{Terti2017,
    title = {{A situation-based analysis of flash flood fatalities in the United States}},
    year = {2017},
    journal = {Bulletin of the American Meteorological Society},
    author = {Terti, Galateia and Ruin, Isabelle and Anquetin, Sandrine and Gourley, Jonathan J},
    number = {2},
    pages = {333--345},
    volume = {98},
    doi = {https://doi.org/10.1175/BAMS-D-15-00276.1}
}

@article{Marsigli2008,
    title = {{A spatial verification method applied to the evaluation of high-resolution ensemble forecasts}},
    year = {2008},
    journal = {Meteorological Applications},
    author = {Marsigli, Chiara and Montani, Andrea and Paccangnella, Tiziana},
    number = {1},
    pages = {125--143},
    volume = {15},
    doi = {https://doi.org/10.1002/met.65}
}

@article{Bloschl2008a,
    title = {{A spatially distributed flash flood forecasting model}},
    year = {2008},
    journal = {Environmental Modelling and Software},
    author = {Bl{\"{o}}schl, Günter and Reszler, Christian and Komma, Jürgen},
    number = {4},
    pages = {464--478},
    volume = {23},
    doi = {https://doi.org/10.1016/j.envsoft.2007.06.010}
}

@article{Hand2004,
    title = {{A study of twentieth - Century extreme rainfall events in the United Kingdom with implications for forecasting}},
    year = {2004},
    journal = {Meteorological Applications},
    author = {Hand, William H and Fox, Neil I and Collier, Christopher G},
    number = {1},
    pages = {15--31},
    volume = {11},
    doi = {10.1017/S1350482703001117},
    issn = {13504827}
}

@article{Rothstein2006,
    title = {{A theory of risk colonization: The spiralling regulatory logics of societal and institutional risk}},
    year = {2006},
    journal = {Economy and Society},
    author = {Rothstein, Henry and Huber, Michael and Gaskell, George},
    number = {1},
    pages = {91--112},
    volume = {35},
    doi = {10.1080/03085140500465865}
}

@unpublished{Golding2019,
    title = {{A Value Chain Approach to Optimising Early Warning Systems}},
    year = {2019},
    booktitle = {GAR},
    author = {Golding, Brian and Mittermaier, Marion and Ross, Claire and Ebert, Beth and Panchuk, Shannon and Scolobig, Anna and Johnston, David},
    pages = {1--30},
    url = {https://www.unisdr.org/we/inform/publications/65828}
}

@article{Lavers2020,
    title = {{A vision for hydrological prediction}},
    year = {2020},
    journal = {Atmosphere},
    author = {Lavers, David A. and Ramos, Maria Helena and Magnusson, Linus and Pechlivanidis, Ilias and Klein, Bastian and Prudhomme, Christel and Arnal, Louise and Crochemore, Louise and Hurk, Bart Van Den and Weerts, Albrecht H. and Harrigan, Shaun and Cloke, Hannah L. and Richardson, David S. and Pappenberger, Florian},
    number = {3},
    pages = {237},
    volume = {11},
    doi = {10.3390/atmos11030237}
}

@article{Douinot2016,
    title = {{Accounting for rainfall systematic spatial variability in flash flood forecasting}},
    year = {2016},
    journal = {Journal of Hydrology},
    author = {Douinot, Audrey and Roux, Hélène and Garambois, Pierre André and Larnier, Kévin and Labat, David and Dartus, Denis},
    pages = {359--370},
    volume = {541},
    doi = {https://doi.org/10.1016/j.jhydrol.2015.08.024}
}

@article{BenBouallegue2020,
    title = {{Accounting for Representativeness in the Verification of Ensemble Precipitation Forecasts}},
    year = {2020},
    journal = {Monthly Weather Review},
    author = {Ben Bouallegue, Zied and Haiden, Thomas and Weber, Nicholas J. and Hamill, Thomas M. and Richardson, David S.},
    number = {5},
    pages = {2049--2062},
    volume = {148},
    doi = {10.1175/mwr-d-19-0323.1}
}

@article{BenBouallegue2020a,
    title = {{Accounting for Representativeness in the Verification of Ensemble Precipitation Forecasts}},
    year = {2020},
    journal = {Monthly Weather Review},
    author = {Ben Bouallegue, Zied and Haiden, Thomas and Weber, Nicholas J and Hamill, Thomas M and Richardson, David S},
    number = {5},
    pages = {2049--2062},
    volume = {148},
    doi = {10.1175/mwr-d-19-0323.1},
    issn = {0027-0644}
}

@article{DePerez2016,
    title = {{Action-based flood forecasting for triggering humanitarian action}},
    year = {2016},
    journal = {Hydrology and Earth System Sciences},
    author = {De Perez, Erin Coughlan and Van Den Hurk, Bart and Van Aalst, Maarten K. and Amuron, Irene and Bamanya, Deus and Hauser, Tristan and Jongma, Brenden and Lopez, Ana and Mason, Simon and De Suarez, Janot Mendler and Pappenberger, Florian and Rueth, Alexandra and Stephens, Elisabeth and Suarez, Pablo and Wagemaker, Jurjen and Zsoter, Ervin},
    number = {9},
    pages = {3549--3560},
    volume = {20},
    doi = {https://doi.org/10.5194/hess-20-3549-2016}
}

@article{Ali2017,
    title = {{Advances and Challenges in Flash Flood Risk Assessment: A Review}},
    year = {2017},
    journal = {Journal of Geography {\&} Natural Disasters},
    author = {Ali, Karamat and Bajracharyar, Roshan M. and Raut, Nani},
    number = {2},
    volume = {7},
    doi = {10.4172/2167-0587.1000195}
}

@article{Drobot2007,
    title = {{Advances and challenges in flash flood warnings}},
    year = {2007},
    journal = {Environmental Hazards},
    author = {Drobot, Sheldon and Parker, Dennis J},
    number = {3},
    pages = {173--178},
    volume = {7},
    doi = {10.1016/j.envhaz.2007.09.001}
}

@article{Alfieri2014a,
    title = {{Advances in pan-European flood hazard mapping}},
    year = {2014},
    journal = {Hydrological Processes},
    author = {Alfieri, Lorenzo and Salamon, Peter and Bianchi, Alessandra and Neal, Jeffrey and Bates, Paul and Feyen, Luc},
    number = {13},
    pages = {4067--4077},
    volume = {28},
    doi = {10.1002/hyp.9947}
}

@article{Lawson2018,
    title = {{Advancing from convection-allowing NWP to Warn-on-Forecast: evidence of progress}},
    year = {2018},
    journal = {Weather and Forecasting},
    author = {Lawson, John R and Kain, John S and Yussouf, Nusrat and Dowell, David C and Wheatley, Dustan M and Knopfmeier, Kent H and Jones, Thomas A},
    doi = {10.1175/waf-d-17-0145.1},
    issn = {0882-8156}
}

@article{Jang2015,
    title = {{An advanced method to apply multiple rainfall thresholds for urban flood warnings}},
    year = {2015},
    journal = {Water (Switzerland)},
    author = {Jang, Jiun Huei},
    number = {11},
    pages = {6056--6078},
    volume = {7},
    doi = {10.3390/w7116056}
}

@article{Jonkman2005a,
    title = {{An Analysis of the Causes and Circumstances of Flood Disaster Deaths}},
    year = {2005},
    journal = {Disasters},
    author = {Jonkman, Sebastiaan N and Kelman, Ilan},
    number = {1},
    pages = {75--97},
    volume = {29},
    doi = {https://doi.org/10.1111/j.0361-3666.2005.00275.x}
}

@article{Looper2012,
    title = {{An assessment of distributed flash flood forecasting accuracy using radar and rain gauge input for a physics-based distributed hydrologic model}},
    year = {2012},
    journal = {Journal of Hydrology},
    author = {Looper, Jonathan P and Vieux, Baxter E},
    pages = {114--132},
    volume = {412-413},
    doi = {https://doi.org/10.1016/j.jhydrol.2011.05.046}
}

@article{Crochemore2016,
    title = {{An Experiment on Risk-Based Decision-Making in Water Management Using Monthly Probabilistic Forecasts}},
    year = {2016},
    journal = {Bulletin of the American Meteorological Society},
    author = {Crochemore, Louise and Ramos, Maria-Helena and Pappenberger, Florian and Andel, Schalk Jan van and Wood, Andrew W.},
    number = {4},
    month = {4},
    pages = {541--551},
    volume = {97},
    publisher = {American Meteorological Society},
    url = {http://journals.ametsoc.org/doi/10.1175/BAMS-D-14-00270.1},
    doi = {10.1175/BAMS-D-14-00270.1},
    issn = {0003-0007}
}

@inproceedings{Yao2016,
    title = {{Analysis and Evaluation of Flash Flood Disasters: A Case of Lingbao County of Henan Province in China}},
    year = {2016},
    booktitle = {Procedia Engineering},
    author = {Yao, Qiuling and Xie, Jiabi and Guo, Liang and Zhang, Xiaolei and Liu, Ronghua},
    pages = {835--843},
    volume = {154},
    doi = {https://doi.org/10.1016/j.proeng.2016.07.444}
}

@article{Aceto2016,
    title = {{Analysis of damaging hydrogeological events in a Mediterranean region (Calabria)}},
    year = {2016},
    journal = {Journal of Hydrology},
    author = {Aceto, Luigi and Caloiero, Tommaso and Pasqua, A. A. and Petrucci, Olga},
    pages = {510--522},
    volume = {541},
    doi = {10.1016/j.jhydrol.2015.12.041}
}

@article{Brauer2011,
    title = {{Anatomy of extraordinary rainfall and flash flood in a Dutch lowland catchment}},
    year = {2011},
    journal = {Hydrology and Earth System Sciences},
    author = {Brauer, C C and Teuling, A J and Overeem, A and Van Der Velde, Y and Hazenberg, P and Warmerdam, P. M.M. and Uijlenhoet, R},
    number = {6},
    pages = {1991--2055},
    volume = {15},
    doi = {10.5194/hess-15-1991-2011},
    issn = {10275606}
}

@article{Kox2018,
    title = {{Anticipation and Response: Emergency Services in Severe Weather Situations in Germany}},
    year = {2018},
    journal = {International Journal of Disaster Risk Science},
    author = {Kox, Thomas and L{\"{u}}der, Catharina and Gerhold, Lars},
    number = {1},
    pages = {116--128},
    volume = {9},
    doi = {10.1007/s13753-018-0163-z}
}

@article{Ihasz2018,
    title = {{Application of European numerical weather prediction models for hydrological purposes}},
    year = {2018},
    journal = {Idojaras - Quarterly Journal of the Hungarian Meteorological Service},
    author = {Ih{\'{a}}sz, István and M{\'{a}}trai, Amarilla and Szintai, Balázs and Szucs, Mihály and Bonta, Imre},
    number = {1},
    pages = {59--79},
    volume = {122},
    doi = {10.28974/idojaras.2018.1.5}
}

@article{Poolman2014,
    title = {{Application of probabilistic precipitation forecasts from a deterministic model towards increasing the lead-time of flash flood forecasts in South Africa}},
    year = {2014},
    journal = {Water SA},
    author = {Poolman, E and Rautenbach, H and Vogel, C},
    number = {4},
    pages = {729},
    volume = {40},
    doi = {10.4314/wsa.v40i4.18}
}

@article{Menoni2012,
    title = {{Assessing multifaceted vulnerability and resilience in order to design risk-mitigation strategies}},
    year = {2012},
    journal = {Natural Hazards},
    author = {Menoni, Scira and Molinari, Daniela and Parker, Dennis and Ballio, Francesco and Tapsell, Sue},
    number = {3},
    pages = {2057--2082},
    volume = {64},
    doi = {10.1007/s11069-012-0134-4},
    issn = {0921030X}
}

@article{Collier2003,
    title = {{Assessing the flooding susceptibility of river catchments to extreme rainfall in the United Kingdom}},
    year = {2003},
    journal = {International Journal of River Basin Management},
    author = {Collier, C. G. and Fox, N. I.},
    number = {3},
    pages = {225--235},
    volume = {1},
    doi = {https://doi.org/10.1080/15715124.2003.9635209}
}

@inproceedings{Roberts2008,
    title = {{Assessing the spatial and temporal variation in the skill of precipitation forecasts from an NWP model}},
    year = {2008},
    booktitle = {Meteorological Applications},
    author = {Roberts, Nigel},
    number = {1},
    pages = {163--169},
    volume = {15},
    doi = {https://doi.org/10.1002/met.57}
}

@article{Tramblay2010,
    title = {{Assessment of initial soil moisture conditions for event-based rainfall-runoff modelling}},
    year = {2010},
    journal = {Journal of Hydrology},
    author = {Tramblay, Yves and Bouvier, Christophe and Martin, Claude and Didon-Lescot, Jean François and Todorovik, Dragana and Domergue, Jean Marc},
    number = {3-4},
    pages = {176--187},
    volume = {387},
    doi = {https://doi.org/10.1016/j.jhydrol.2010.04.006}
}

@article{WMO2014,
    title = {{Atlas of Mortality and Economic Losses from Weather, Climate and Water Extremes (1970-2012)}},
    year = {2014},
    journal = {World Meteorological Organization No. 1123},
    author = {{WMO}},
    url = {https://library.wmo.int/pmb_ged/wmo_1123_en.pdf}
}

@article{Grams2014,
    title = {{Atmospheric processes triggering the central European floods in June 2013}},
    year = {2014},
    journal = {Natural Hazards and Earth System Sciences},
    author = {Grams, C. M. and Binder, H. and Pfahl, S. and Piaget, N. and Wernli, H.},
    number = {7},
    pages = {1691--1702},
    volume = {14},
    doi = {https://doi.org/10.5194/nhess-14-1691-2014}
}

@article{Viglione2010,
    title = {{Barriers to the exchange of hydrometeorological data in Europe: Results from a survey and implications for data policy}},
    year = {2010},
    journal = {Journal of Hydrology},
    author = {Viglione, A and Borga, M and Balabanis, P and Bl{\"{o}}schl, G},
    number = {1-2},
    pages = {63--77},
    volume = {394},
    doi = {https://doi.org/10.1016/j.jhydrol.2010.03.023},
    issn = {00221694}
}

@article{Miyoshi2016,
    title = {{Big data assimilation revolutionizing severe weather prediction}},
    year = {2016},
    journal = {Bulletin of the American Meteorological Society},
    author = {Miyoshi, Takemasa and Kunii, Masaru and Ruiz, Juan and Lien, Guo Yuan and Satoh, Shinsuke and Ushio, Tomoo and Bessho, Kotaro and Seko, Hiromu and Tomita, Hirofumi and Ishikawa, Yutaka},
    number = {8},
    pages = {1347--1354},
    volume = {97},
    doi = {10.1175/BAMS-D-15-00144.1}
}

@article{Lopez2020,
    title = {{Bridging forecast verification and humanitarian decisions: A valuation approach for setting up action-oriented early warnings}},
    year = {2020},
    journal = {Weather and Climate Extremes},
    author = {Lopez, Ana and Coughlan de Perez, Erin and Bazo, Juan and Suarez, Pablo and van den Hurk, Bart and van Aalst, Marteen},
    pages = {100167},
    volume = {27},
    doi = {10.1016/j.wace.2018.03.006}
}

@article{Matrai2017,
    title = {{Calibrating forecasts of heavy precipitation in river catchments}},
    year = {2017},
    journal = {ECMWF Newsletter},
    author = {Matrai, Amarilla and Ih{\'{a}}sz, István},
    number = {152},
    pages = {37--40},
    url = {https://www.ecmwf.int/node/18196},
    doi = {10.21957/cf1598}
}

@article{Cattoen,
    title = {{Calibrating hourly precipitation forecasts with daily observations}},
    journal = {Journal of Hydrometeorology},
    author = {Catto{\"{e}}n, C. and Robertson, D. E. and Bennett, J. C. and Wang, Q. J. and Carey-Smith, T. K.},
    doi = {10.1175/JHM-D-19-0246.1}
}

@article{Voisin2010,
    title = {{Calibration and Downscaling Methods for Quantitative Ensemble Precipitation Forecasts}},
    year = {2010},
    journal = {Weather and Forecasting},
    author = {Voisin, Nathalie and Schaake, John C. and Lettenmaier, Dennis P.},
    number = {6},
    pages = {1603--1627},
    volume = {25},
    doi = {https://doi.org/10.1175/2010WAF2222367.1}
}

@article{Gneiting2014,
    title = {{Calibration of medium-range weather forecasts}},
    year = {2014},
    journal = {ECMWF Technical Memoranda},
    author = {Gneiting, Tilmann},
    pages = {1--28},
    volume = {719}
}

@article{Frick2011,
    title = {{Can end-users' flood management decision making be improved by information about forecast uncertainty?}},
    year = {2011},
    journal = {Atmospheric Research},
    author = {Frick, J. and Hegg, C.},
    number = {2-3},
    pages = {296--303},
    volume = {100},
    doi = {10.1016/j.atmosres.2010.12.006}
}

@article{Dietrich2009,
    title = {{Can ensemble forecasts improve the reliability of flood alerts?}},
    year = {2009},
    journal = {Journal of Flood Risk Management},
    author = {Dietrich, J and Denhard, M and Schumann, A H},
    number = {4},
    pages = {232--242},
    volume = {2},
    doi = {https://doi.org/10.1111/j.1753-318X.2009.01039.x}
}

@article{Demeritt2010,
    title = {{Challenges in communicating and using ensembles in operational flood forecasting}},
    year = {2010},
    journal = {Meteorological Applications},
    author = {Demeritt, David and Nobert, Śebastien and Cloke, Hannah and Pappenberg, Florian},
    number = {2},
    pages = {209--222},
    volume = {17},
    doi = {https://doi.org/10.1002/met.194}
}

@article{Petrow2009,
    title = {{Changes in the flood hazard in Germany through changing frequency and persistence of circulation patterns}},
    year = {2009},
    journal = {Natural Hazards and Earth System Science},
    author = {Petrow, T and Zimmer, J and Merz, B},
    number = {4},
    pages = {1409--1423},
    volume = {9},
    doi = {https://doi.org/10.5194/nhess-9-1409-2009}
}

@article{Archer2018,
    title = {{Characterising flash flood response to intense rainfall and impacts using historical information and gauged data in Britain}},
    year = {2018},
    journal = {Journal of Flood Risk Management},
    author = {Archer, D R and Fowler, H J},
    pages = {S121-S133},
    volume = {11},
    doi = {10.1111/jfr3.12187}
}

@article{Assumpcao2018,
    title = {{Citizen observations contributing to flood modelling: Opportunities and challenges}},
    year = {2018},
    journal = {Hydrology and Earth System Sciences},
    author = {Assump{\c{c}}{\~{a}}o, Thaine H. and Popescu, Ioana and Jonoski, Andreja and Solomatine, Dimitri P.},
    number = {2},
    pages = {1473--1489},
    volume = {22},
    doi = {10.5194/hess-22-1473-2018}
}

@article{Kain2017,
    title = {{Collaborative efforts between the United States and United Kingdom to advance prediction of high-impact weather}},
    year = {2017},
    journal = {Bulletin of the American Meteorological Society},
    author = {Kain, John S. and Willington, Steve and Clark, Adam J. and Weiss, steven J and Weeks, Mark and Jirak, Israel L. and Coniglio, Michchael C and Roberts, Nigel M. and Karstens, Christopher D. and Wilkinson, Jonathan M. and Knopfmeier, Kent H and Lean, HumpHrey W and Ellam, Laura and Hanley, Kirsty and North, Rachchel and Suri, Dan},
    number = {5},
    pages = {937--948},
    volume = {98},
    doi = {10.1175/BAMS-D-15-00199.1}
}

@article{Basco-Carrera2017,
    title = {{Collaborative modelling or participatory modelling? A framework for water resources management}},
    year = {2017},
    journal = {Environmental Modelling and Software},
    author = {Basco-Carrera, Laura and Warren, Andrew and van Beek, Eelco and Jonoski, Andreja and Giardino, Alessio},
    pages = {95--110},
    volume = {91},
    doi = {10.1016/j.envsoft.2017.01.014}
}

@article{Arkes1997,
    title = {{Combining Expert Opinions}},
    year = {1997},
    journal = {Science},
    author = {Arkes, H. R.},
    number = {5299},
    pages = {461--465},
    volume = {275},
    doi = {10.1126/science.275.5299.461e}
}

@article{Berrocal2007,
    title = {{Combining spatial statistical and ensemble information in probabilistic weather forecasts}},
    year = {2007},
    journal = {Monthly Weather Review},
    author = {Berrocal, Veronica J and Raftery, Adrian E and Gneiting, Tilmann},
    number = {4},
    pages = {1386--1402},
    volume = {135},
    doi = {10.1175/MWR3341.1},
    issn = {00270644}
}

@article{Joslyn2010,
    title = {{Communicating forecast uncertainty: Public perception of weather forecast uncertainty}},
    year = {2010},
    journal = {Meteorological Applications},
    author = {Joslyn, Susan and Savelli, Sonia},
    number = {2},
    pages = {180--195},
    volume = {17},
    doi = {10.1002/met.190}
}

@misc{Taylor2018,
    title = {{Communicating high impact weather: Improving warnings and decision making processes}},
    year = {2018},
    booktitle = {International Journal of Disaster Risk Reduction},
    author = {Taylor, Andrea Louise and Kox, Thomas and Johnston, David},
    pages = {1--4},
    volume = {30},
    url = {https://doi.org/10.1016/j.ijdrr.2018.04.002},
    doi = {10.1016/j.ijdrr.2018.04.002}
}

@article{Stephens2012,
    title = {{Communicating probabilistic information from climate model ensembles-lessons from numerical weather prediction}},
    year = {2012},
    journal = {Wiley Interdisciplinary Reviews: Climate Change},
    author = {Stephens, Elisabeth M. and Edwards, Tamsin L. and Demeritt, David},
    number = {5},
    pages = {409--426},
    volume = {3},
    doi = {10.1002/wcc.187}
}

@article{Hagedorn2009,
    title = {{Communicating the value of probabilistic forecasts with weather roulette}},
    year = {2009},
    journal = {Meteorological Applications},
    author = {Hagedorn, Renate and Smith, Leonard A.},
    number = {2},
    pages = {143--155},
    volume = {16},
    doi = {10.1002/met.92}
}

@article{Ramos2010,
    title = {{Communicating uncertainty in hydro-meteorological forecasts: Mission impossible?}},
    year = {2010},
    journal = {Meteorological Applications},
    author = {Ramos, Maria Helena and Mathevet, Thibault and Thielen, Jutta and Pappenberger, Florian},
    number = {2},
    pages = {223--235},
    volume = {17},
    doi = {10.1002/met.202},
    issn = {13504827}
}

@article{Morss2008,
    title = {{Communicating Uncertainty in Weather Forecasts: A Survey of the U.S. Public}},
    year = {2008},
    journal = {Weather and Forecasting},
    author = {Morss, Rebecca E. and Demuth, Julie L. and Lazo, Jeffrey K.},
    number = {5},
    pages = {974--991},
    volume = {23},
    doi = {10.1175/2008WAF2007088.1}
}

@article{Handmer2007,
    title = {{Communicating uncertainty via probabilities: The case of weather forecasts}},
    year = {2007},
    journal = {Environmental Hazards},
    author = {Handmer, John and Proudley, Beth},
    number = {2},
    pages = {79--87},
    volume = {7},
    doi = {10.1016/j.envhaz.2007.05.002}
}

@article{Patt2005,
    title = {{Communicating uncertainty: Lessons learned and suggestions for climate change assessment}},
    year = {2005},
    journal = {Comptes Rendus - Geoscience},
    author = {Patt, Anthony and Dessai, Suraje},
    number = {4},
    pages = {425--441},
    volume = {337},
    doi = {10.1016/j.crte.2004.10.004}
}

@article{Ryan2003,
    title = {{Communication, Public Understanding, and Decision Making}},
    year = {2003},
    journal = {Bulletin of the American Meteorological Society},
    author = {Ryan, Robert T},
    number = {8},
    pages = {1001--1003},
    volume = {84},
    doi = {10.2307/26216866}
}

@article{Raynaud2016,
    title = {{Comparison of initial perturbation methods for ensemble prediction at convective scale}},
    year = {2016},
    journal = {Quarterly Journal of the Royal Meteorological Society},
    author = {Raynaud, Laure and Bouttier, F.},
    number = {695},
    pages = {854--866},
    volume = {142},
    doi = {10.1002/qj.2686}
}

@article{Corral2019,
    title = {{Comparison of two early warning systems for regional flash flood hazard forecasting}},
    year = {2019},
    journal = {Journal of Hydrology},
    author = {Corral, Carles and Berenguer, Marc and Sempere-Torres, Daniel and Poletti, Laura and Silvestro, Francesco and Rebora, Nicola},
    pages = {603--619},
    volume = {572},
    doi = {10.1016/j.jhydrol.2019.03.026},
    issn = {00221694}
}

@techreport{NationalResearchCouncil2006,
    title = {{Completing the Forecast: Characterizing and Communicating Uncertainty for Better Decisions Using Weather and Climate Forecasts}},
    year = {2006},
    author = {{National Research Council}},
    pages = {1--125},
    url = {http://www.nap.edu/catalog/11699.html},
    institution = {The National Academies of Science},
    address = {Washington}
}

@article{Emerton2016,
    title = {{Continental and global scale flood forecasting systems}},
    year = {2016},
    journal = {Wiley Interdisciplinary Reviews: Water},
    author = {Emerton, Rebecca E. and Stephens, Elisabeth M. and Pappenberger, Florian and Pagano, Thomas C. and Weerts, Albrecht H. and Wood, Andy W. and Salamon, Peter and Brown, James D. and Hjerdt, Niclas and Donnelly, Chantal and Baugh, Calum A. and Cloke, Hannah L.},
    number = {3},
    pages = {391--418},
    volume = {3},
    doi = {https://doi.org/10.1002/wat2.1137}
}

@article{Rinat2018,
    title = {{Controls of flash flood peak discharge in Mediterranean basins and the special role of runoff-contributing areas}},
    year = {2018},
    journal = {Journal of Hydrology},
    author = {Rinat, Yair and Marra, Francesco and Zoccatelli, Davide and Morin, Efrat},
    pages = {846--860},
    volume = {565},
    doi = {10.1016/j.jhydrol.2018.08.055},
    issn = {00221694}
}

@article{Frogner2019,
    title = {{Convection-permitting ensembles: Challenges related to their design and use}},
    year = {2019},
    journal = {Quarterly Journal of the Royal Meteorological Society},
    author = {Frogner, Inger Lise and Singleton, Andrew T. and K{\o}ltzow, Morten and Andrae, Ulf},
    number = {S1},
    pages = {90--106},
    volume = {145},
    doi = {10.1002/qj.3525}
}

@article{Stensrud2009,
    title = {{Convective-scale warn-on-forecast system: A vision for 2020}},
    year = {2009},
    journal = {Bulletin of the American Meteorological Society},
    author = {Stensrud, David J. and Ming, Xue and Wicker, Louis J. and Kelleher, Kevin E. and Foster, Michael P. and Schaefer, Joseph T. and Schneider, Russell S. and Benjamin, Stanley G. and Weygandt, Stephen S. and Ferree, John T. and Tuell, Jason P.},
    number = {10},
    pages = {1487--1499},
    volume = {90},
    doi = {10.1175/2009BAMS2795.1}
}

@article{Renn2011,
    title = {{Coping with complexity, uncertainty and ambiguity in risk governance: A synthesis}},
    year = {2011},
    journal = {Ambio},
    author = {Renn, Ortwin and Klinke, Andreas and Van Asselt, Marjolein},
    number = {2},
    pages = {231--246},
    volume = {40},
    doi = {10.1007/s13280-010-0134-0}
}

@article{Gober2008,
    title = {{Could a perfect model ever satisfy a na{\"{i}}ve forecaster? On grid box mean versus point verification}},
    year = {2008},
    journal = {Meteorological Applications},
    author = {G{\"{o}}ber, Martin and Zs{\'{o}}t{\'{e}}r, Ervin and Richardson, David S.},
    number = {3},
    pages = {359--365},
    volume = {15},
    doi = {10.1002/met.78}
}

@article{Bartholmes2005,
    title = {{Coupling meteorological and hydrological models for flood forecasting}},
    year = {2005},
    journal = {Hydrology and Earth System Sciences Discussions},
    author = {Bartholmes, Jens and Todini, Ezio},
    number = {4},
    pages = {333--346},
    volume = {9},
    doi = {https://doi.org/10.5194/hess-9-333-2005}
}

@article{Muller2015,
    title = {{Crowdsourcing for climate and atmospheric sciences: Current status and future potential}},
    year = {2015},
    journal = {International Journal of Climatology},
    author = {Muller, C L and Chapman, L and Johnston, S and Kidd, C and Illingworth, S and Foody, G and Overeem, A and Leigh, R R},
    number = {11},
    pages = {3185--3203},
    volume = {35},
    doi = {https://doi.org/10.1002/joc.4210}
}

@article{Poblet2018,
    title = {{Crowdsourcing roles, methods and tools for data-intensive disaster management}},
    year = {2018},
    journal = {Information Systems Frontiers},
    author = {Poblet, Marta and Garc{\'{i}}a-Cuesta, Esteban and Casanovas, Pompeu},
    number = {6},
    pages = {1363--1379},
    volume = {20},
    doi = {10.1007/s10796-017-9734-6},
    issn = {15729419}
}

@book{Freitas2013,
    title = {{Crowdsourcing tools for disaster management: A review of platforms and methods}},
    year = {2013},
    booktitle = {International Workshop on AI Approaches to the Complexity of Legal Systems},
    author = {Freitas, Pedro Miguel and Andrade, Francisco and Novais, Paulo},
    pages = {261--274},
    volume = {8929},
    publisher = {Springer},
    doi = {10.1007/978-3-662-45960-7},
    issn = {16113349},
    keywords = {Autonomous agents, Criminal liability, Legal persons, Objects, Software agents}
}

@article{Titley2019,
    title = {{Current and potential use of ensemble forecasts in operational TC forecasting: results from a global forecaster survey}},
    year = {2019},
    journal = {Tropical Cyclone Research and Review},
    author = {Titley, H.A. and Yamaguchi, M and Magnusson, L.},
    number = {3},
    pages = {166--180},
    volume = {8},
    doi = {10.1016/j.tcrr.2019.10.005},
    issn = {22256032}
}

@incollection{Gruntfest2011b,
    title = {{Dealing with Flash Floods: Contemporary Issues and Future Possibilities}},
    year = {2011},
    booktitle = {Coping With Flash Floods},
    author = {Gruntfest, Eve and Handmer, John},
    pages = {3--10},
    publisher = {Springer Netherlands},
    doi = {https://doi.org/10.1007/978-94-010-0918-8{\_}1}
}

@article{Weyrich2019,
    title = {{Dealing with inconsistent weather warnings: effects on warning quality and intended actions}},
    year = {2019},
    journal = {Meteorological Applications},
    author = {Weyrich, Philippe and Scolobig, Anna and Patt, Anthony},
    number = {4},
    pages = {569--583},
    volume = {26},
    doi = {10.1002/met.1785}
}

@misc{Makridakis2009,
    title = {{Decision making and planning under low levels of predictability}},
    year = {2009},
    booktitle = {International Journal of Forecasting},
    author = {Makridakis, Spyros and Taleb, Nassim},
    number = {4},
    pages = {716--733},
    volume = {25},
    doi = {10.1016/j.ijforecast.2009.05.013}
}

@article{Wright2009,
    title = {{Decision making and planning under low levels of predictability: Enhancing the scenario method}},
    year = {2009},
    journal = {International Journal of Forecasting},
    author = {Wright, George and Goodwin, Paul},
    number = {4},
    pages = {813--825},
    volume = {25},
    doi = {10.1016/j.ijforecast.2009.05.019}
}

@article{Murphy1985,
    title = {{Decision making and the value of forecasts in a generalized model of the cost-loss ratio situation.}},
    year = {1985},
    journal = {Monthly Weather Review},
    author = {Murphy, Allan H.},
    number = {3},
    pages = {362--369},
    volume = {113},
    doi = {10.1175/1520-0493(1985)113<0362:DMATVO>2.0.CO;2},
    issn = {00270644}
}

@article{Mylne2002,
    title = {{Decision-making from probability forecasts based on forecast value}},
    year = {2002},
    journal = {Meteorological Applications},
    author = {Mylne, Kenneth R.},
    number = {3},
    pages = {307--315},
    volume = {9},
    doi = {10.1017/S1350482702003043}
}

@article{Joslyn2013,
    title = {{Decisions With Uncertainty: The Glass Half Full}},
    year = {2013},
    journal = {Current Directions in Psychological Science},
    author = {Joslyn, Susan and LeClerc, Jared},
    number = {4},
    pages = {308--315},
    volume = {22},
    doi = {10.1177/0963721413481473}
}

@article{Palmer2014,
    title = {{Decisions, decisions{\ldots}!}},
    year = {2014},
    journal = {ECMWF Newsletter},
    author = {Palmer, Tim and Richardson, David},
    pages = {12--14},
    volume = {141},
    doi = {10.21957/bychj3cf}
}

@article{Navarro2020,
    title = {{Determinants of coping strategies in two types of natural hazards: Flash floods and costal flooding}},
    year = {2020},
    journal = {International Journal of Disaster Risk Reduction},
    author = {Navarro, Oscar and Restrepo-Ochoa, Diego and Mu{\~{n}}oz-Duque, Luz Adriana and Zapa-Perez, Katia and Ameline, Anaïs and Mercier, Denis and Fleury-Bahi, Ghozlane},
    pages = {2212--4209},
    volume = {46},
    doi = {10.1016/j.ijdrr.2020.101514}
}

@article{Lorenz1963,
    title = {{Deterministic Nonperiodic Flow}},
    year = {1963},
    journal = {Journal of the Atmospheric Sciences},
    author = {Lorenz, Edward N.},
    number = {2},
    pages = {130--141},
    volume = {20},
    doi = {10.1175/1520-0469(1963)020<0130:dnf>2.0.co;2},
    issn = {0022-4928}
}

@article{Hemingway2019,
    title = {{Developing a hazard-impact model to support impact-based forecasts and warnings: The Vehicle OverTurning (VOT) Model}},
    year = {2019},
    journal = {Meteorological Applications},
    author = {Hemingway, Rebecca and Robbins, Joanne},
    number = {1},
    volume = {27},
    doi = {10.1002/met.1819}
}

@misc{Faulkner2007,
    title = {{Developing a translational discourse to communicate uncertainty in flood risk between science and the practitioner}},
    year = {2007},
    booktitle = {Ambio},
    author = {Faulkner, Hazel and Parker, Dennis and Green, Colin and Beven, Keith},
    number = {8},
    pages = {692--703},
    volume = {36},
    doi = {10.1579/0044-7447(2007)36[692:DATDTC]2.0.CO;2},
    issn = {00447447},
    pmid = {18240686}
}

@book{Rogers1962,
    title = {{Diffusion of Innovations}},
    year = {1962},
    author = {Rogers, Everett M.},
    edition = {3rd},
    pages = {453},
    publisher = {The Free Press},
    address = {New York}
}

@article{Ramos2013,
    title = {{Do probabilistic forecasts lead to better decisions?}},
    year = {2013},
    journal = {Hydrology and Earth System Sciences},
    author = {Ramos, M H and Van Andel, S J and Pappenberger, F},
    number = {6},
    pages = {2219--2232},
    volume = {17},
    doi = {10.5194/hess-17-2219-2013}
}

@article{Marjerison2016,
    title = {{Does population affect the location of flash flood reports?}},
    year = {2016},
    journal = {Journal of Applied Meteorology and Climatology},
    author = {Marjerison, Rebecca D and Todd Walter, M. and Sullivan, Patrick J and Colucci, Stephen J},
    number = {9},
    pages = {1953--1963},
    volume = {55},
    doi = {https://doi.org/10.1175/JAMC-D-15-0329.1}
}

@article{Terti2015,
    title = {{Dynamic vulnerability factors for impact-based flash flood prediction}},
    year = {2015},
    journal = {Natural Hazards},
    author = {Terti, Galateia and Ruin, Isabelle and Anquetin, Sandrine and Gourley, Jonathan J.},
    number = {3},
    pages = {1481--1497},
    volume = {79},
    doi = {10.1007/s11069-015-1910-8},
    issn = {15730840},
    keywords = {Flash flood events, Impact forecasting, Social processes, Space–time factors, Vulnerability model}
}

@article{Davies2017,
    title = {{Dynamical downscaling and variable resolution in limited-area models}},
    year = {2017},
    journal = {Quarterly Journal of the Royal Meteorological Society},
    author = {Davies, Terry},
    number = {702},
    pages = {209--222},
    volume = {143},
    doi = {https://doi.org/10.1002/qj.2913}
}

@article{Rossi2018,
    title = {{Early detection and information extraction for weather-induced floods using social media streams}},
    year = {2018},
    journal = {International Journal of Disaster Risk Reduction},
    author = {Rossi, C and Acerbo, F S and Ylinen, K and Juga, I and Nurmi, P and Bosca, A and Tarasconi, F and Cristoforetti, M and Alikadic, A},
    pages = {145--157},
    volume = {30},
    doi = {10.1016/j.ijdrr.2018.03.002},
    issn = {22124209}
}

@article{Acosta-Coll2018,
    title = {{Early warning system for detection of urban pluvial flooding hazard levels in an ungauged basin}},
    year = {2018},
    journal = {Natural Hazards},
    author = {Acosta-Coll, Melisa and Ballester-Merelo, Francisco and Mart{\'{i}}nez-Peir{\'{o}}, Marcos},
    number = {2},
    pages = {1237--1265},
    volume = {92},
    doi = {10.1007/s11069-018-3249-4}
}

@article{Magnusson2019,
    title = {{ECMWF activities for improved hurricane forecasts}},
    year = {2019},
    journal = {Bulletin of the American Meteorological Society},
    author = {Magnusson, Linus and Bidlot, J. R. and Bonavita, M and Brown, A. R. and Browne, P. A. and De Chiara, G. and Dahoui, M and Lang, S. T.K. and McNally, T. and Mogensen, K. S. and Pappenberger, F. and Prates, F and Rabier, F. and Richardson, D. S. and Vitart, F and Malardel, S.},
    number = {3},
    pages = {445--457},
    volume = {100},
    doi = {10.1175/BAMS-D-18-0044.1},
    issn = {00030007}
}

@article{Baugh2018,
    title = {{ECMWF develops flash flood forecast system}},
    year = {2018},
    journal = {ECMWF Newsletter},
    author = {Baugh, Calum and Prudhomme, Christel},
    pages = {8--9},
    volume = {157},
    url = {https://www.ecmwf.int/en/newsletter/157/news/ecmwf-develops-flash-flood-forecast-system}
}

@techreport{Owens2018,
    title = {{ECMWF Forecast User Guide}},
    year = {2018},
    author = {Owens, R.G. and Hewson, T.},
    url = {https://www.ecmwf.int/node/16559},
    institution = {ECMWF},
    doi = {10.21957/m1cs7h}
}

@inproceedings{Hewson2019,
    title = {{ecPoint - A New Post-Processing Technique with Multiple Applications}},
    year = {2019},
    booktitle = {Ninth Conference on Transition of Research to Operations at the American Meteorological Society 99th Annual Meeting},
    author = {Hewson, Tim and Pillosu, Fatima},
    number = {4},
    pages = {551--554},
    volume = {100},
    publisher = {Bulletin of the American Meteorological Society}
}

@article{Jongman2018,
    title = {{Effective adaptation to rising flood risk}},
    year = {2018},
    journal = {Nature Communications},
    author = {Jongman, Brenden},
    number = {1},
    pages = {9--11},
    volume = {9},
    doi = {10.1038/s41467-018-04396-1},
    issn = {20411723}
}

@article{Carrrr2016,
    title = {{Effectively communicating risk and uncertainty to the public: Assessing the national weather service's flood forecast and warning tools}},
    year = {2016},
    journal = {Bulletin of the American Meteorological Society},
    author = {Carr, Rachel Hogan and Montz, Burrell and Maxfield, Keri and Hoekskstra, Stephanie and Semmens, Kathryn and Goldman, Elizabeth},
    number = {9},
    pages = {1649--1665},
    volume = {97},
    doi = {10.1175/BAMS-D-14-00248.1},
    issn = {00030007}
}

@article{Weyrich2018,
    title = {{Effects of impact-based warnings and behavioral recommendations for extreme weather events}},
    year = {2018},
    journal = {Weather, Climate, and Society},
    author = {Weyrich, Philippe and Scolobig, Anna and Bresch, David N and Patt, Anthony},
    number = {4},
    pages = {781--796},
    volume = {10},
    doi = {10.1175/WCAS-D-18-0038.1},
    issn = {19488335}
}

@misc{CRED2019,
    title = {{EM-DAT}},
    year = {2019},
    author = {{CRED}},
    url = {https://www.emdat.be/}
}

@article{Bodoque2019,
    title = {{Enhancing flash flood risk perception and awareness of mitigation actions through risk communication: A pre-post survey design}},
    year = {2019},
    journal = {Journal of Hydrology},
    author = {Bodoque, J M and D{\'{i}}ez-Herrero, A and Amerigo, M and Garc{\'{i}}a, J A and Olcina, J},
    pages = {769--779},
    volume = {568},
    doi = {10.1016/j.jhydrol.2018.11.007},
    issn = {00221694}
}

@article{Neal2014,
    title = {{Ensemble based first guess support towards a risk-based severe weather warning service}},
    year = {2014},
    journal = {Meteorological Applications},
    author = {Neal, Robert A and Boyle, Patricia and Grahame, Nicholas and Mylne, Kenneth and Sharpe, Michael},
    number = {3},
    pages = {563--577},
    volume = {21},
    doi = {https://doi.org/10.1002/met.1377}
}

@misc{Cloke2009,
    title = {{Ensemble flood forecasting: A review}},
    year = {2009},
    booktitle = {Journal of Hydrology},
    author = {Cloke, H. L. and Pappenberger, F.},
    number = {3-4},
    pages = {613--626},
    volume = {375},
    doi = {https://doi.org/10.1016/j.jhydrol.2009.06.005}
}

@article{Wu2020,
    title = {{Ensemble flood forecasting: Current status and future opportunities}},
    year = {2020},
    journal = {Wiley Interdisciplinary Reviews: Water},
    author = {Wu, Wenyan and Emerton, Rebecca and Duan, Qingyun and Wood, Andrew W. and Wetterhall, Fredrik and Robertson, David E.},
    number = {February},
    doi = {10.1002/wat2.1432}
}

@article{Leutbecher2008,
    title = {{Ensemble forecasting}},
    year = {2008},
    journal = {Journal of Computational Physics},
    author = {Leutbecher, M. and Palmer, T. N.},
    number = {7},
    pages = {3515--3539},
    volume = {227},
    doi = {10.1016/j.jcp.2007.02.014}
}

@incollection{Buizza2018,
    title = {{Ensemble Forecasting and the Need for Calibration}},
    year = {2018},
    booktitle = {Statistical Postprocessing of Ensemble Forecasts},
    author = {Buizza, Roberto},
    pages = {15--48},
    publisher = {Elsevier},
    doi = {10.1016/b978-0-12-812372-0.00002-9}
}

@article{Alfieri2012b,
    title = {{Ensemble hydro-meteorological simulation for flash flood early detection in southern Switzerland}},
    year = {2012},
    journal = {Journal of Hydrology},
    author = {Alfieri, Lorenzo and Thielen, Jutta and Pappenberger, Florian},
    pages = {143--153},
    volume = {424-425},
    doi = {10.1016/j.jhydrol.2011.12.038}
}

@article{Demeritt2007,
    title = {{Ensemble predictions and perceptions of risk, uncertainty, and error in flood forecasting}},
    year = {2007},
    journal = {Environmental Hazards},
    author = {Demeritt, David and Cloke, Hannah and Pappenberger, Florian and Thielen, Jutta and Bartholmes, Jens and Ramos, Maria Helena},
    number = {2},
    pages = {115--127},
    volume = {7},
    doi = {10.1016/j.envhaz.2007.05.001}
}

@article{Leutbecher2019,
    title = {{Ensemble size: How suboptimal is less than infinity?}},
    year = {2019},
    journal = {Quarterly Journal of the Royal Meteorological Society},
    author = {Leutbecher, Martin},
    number = {S1},
    pages = {107--128},
    volume = {145},
    url = {https://onlinelibrary.wiley.com/doi/abs/10.1002/qj.3387},
    doi = {10.1002/qj.3387},
    issn = {1477870X}
}

@article{Frei2019,
    title = {{Ensemble Spatial Precipitation Analysis From Rain Gauge Data: Methodology and Application in the European Alps}},
    year = {2019},
    journal = {Journal of Geophysical Research: Atmospheres},
    author = {Frei, Christoph and Isotta, Francesco A.},
    number = {11},
    pages = {5757--5778},
    volume = {124},
    doi = {10.1029/2018JD030004}
}

@article{Edouard2018,
    title = {{Ensemble-based flash-flood modelling: Taking into account hydrodynamic parameters and initial soil moisture uncertainties}},
    year = {2018},
    journal = {Journal of Hydrology},
    author = {Edouard, Simon and Vincendon, Béatrice and Ducrocq, Véronique},
    pages = {480--494},
    volume = {560},
    doi = {https://doi.org/10.1016/j.jhydrol.2017.04.048}
}

@article{Schumacher2010,
    title = {{Ensemble-based forecast uncertainty analysis of diverse heavy rainfall events}},
    year = {2010},
    journal = {Weather and Forecasting},
    author = {Schumacher, Russ S and Davis, Christopher A},
    number = {4},
    pages = {1103--1122},
    volume = {25},
    doi = {10.1175/2010WAF2222378.1},
    issn = {08828156}
}

@misc{Grainger2016,
    title = {{Environmental data visualisation for non-scientific contexts: Literature review and design framework}},
    year = {2016},
    booktitle = {Environmental Modelling and Software},
    author = {Grainger, Sam and Mao, Feng and Buytaert, Wouter},
    pages = {299--318},
    volume = {85},
    doi = {10.1016/j.envsoft.2016.09.004}
}

@article{Miao2016,
    title = {{Establishing a rainfall threshold for flash flood warnings in China's mountainous areas based on a distributed hydrological model}},
    year = {2016},
    journal = {Journal of Hydrology},
    author = {Miao, Qinghua and Yang, Dawen and Yang, Hanbo and Li, Zhe},
    pages = {371--386},
    volume = {541},
    doi = {https://doi.org/10.1016/j.jhydrol.2016.04.054}
}

@article{Verkade2011,
    title = {{Estimating the benefits of single value and probability forecasting for flood warning}},
    year = {2011},
    journal = {Hydrol. Earth Syst. Sci},
    author = {Verkade, J S and Werner, M G F},
    pages = {3751--3765},
    volume = {15},
    url = {www.hydrol-earth-syst-sci.net/15/3751/2011/},
    doi = {10.5194/hess-15-3751-2011}
}

@misc{ESSL2019,
    title = {{ESWD}},
    year = {2019},
    author = {{ESSL}},
    url = {http://www.eswd.eu/}
}

@article{Robbins2018,
    title = {{Evaluating high-impact precipitation forecasts from the Met Office Global Hazard Map (GHM) using a global impact database}},
    year = {2018},
    journal = {Meteorological Applications},
    author = {Robbins, J. C. and Titley, H. A.},
    number = {4},
    pages = {548--560},
    volume = {25},
    doi = {https://doi.org/10.1002/met.1720}
}

@article{Yin2016,
    title = {{Evaluating the impact and risk of pluvial flash flood on intra-urban road network: A case study in the city center of Shanghai, China}},
    year = {2016},
    journal = {Journal of Hydrology},
    author = {Yin, Jie and Yu, Dapeng and Yin, Zhane and Liu, Min and He, Qing},
    pages = {138--145},
    volume = {537},
    doi = {10.1016/j.jhydrol.2016.03.037}
}

@article{Snook2019,
    title = {{Evaluation of convection-permitting precipitation forecast products using WRF, NMMB, and FV3 for the 2016-17 NOAA hydrometeorology testbed flash flood and intense rainfall experiments}},
    year = {2019},
    journal = {Weather and Forecasting},
    author = {Snook, Nathan and Kong, Fanyou and Brewster, Keith A and Xue, Ming and Thomas, Kevin W and Supinie, Timothy A and Perfater, Sarah and Albright, Benjamin},
    number = {3},
    pages = {781--804},
    volume = {34},
    doi = {10.1175/WAF-D-18-0155.1},
    issn = {15200434}
}

@article{Haiden2018,
    title = {{Evaluation of ECMWF forecasts, including the 2018 upgrade}},
    year = {2018},
    journal = {ECMWF Technical Memoranda},
    author = {Haiden, T. and Janousek, M. and Bidlot, J. R. and Buizza, R. and Ferranti, L. and Prates, F. and Vitart, F.},
    number = {831},
    doi = {10.21957/ldw15ckqi}
}

@article{Alfieri2014,
    title = {{Evaluation of ensemble streamflow predictions in Europe}},
    year = {2014},
    journal = {Journal of Hydrology},
    author = {Alfieri, Lorenzo and Pappenberger, Florian and Wetterhall, Fredrik and Haiden, Thomas and Richardson, David and Salamon, Peter},
    pages = {913--922},
    volume = {517},
    doi = {10.1016/j.jhydrol.2014.06.035}
}

@article{Abdolmanafi2020,
    title = {{Evaluation of global ensemble prediction models for forecasting medium to heavy precipitations}},
    year = {2020},
    journal = {Meteorology and Atmospheric Physics},
    author = {Abdolmanafi, Alireza and Saghafian, Bahram and Aminyavari, Saleh},
    doi = {10.1007/s00703-020-00731-8}
}

@incollection{Larsen2011,
    title = {{Evaluation of Temporal and Spatial Factors that Control the Susceptibility to Rainfall-Triggered Landslides}},
    year = {2001},
    booktitle = {Coping With Flash Floods},
    author = {Larsen, Matthew C},
    pages = {277--288},
    publisher = {Springer Netherlands},
    doi = {https://doi.org/10.1007/978-94-010-0918-8{\_}26}
}

@article{Richardson2020,
    title = {{Evaluation of the Consistency of ECMWF Ensemble Forecasts}},
    year = {2020},
    journal = {Geophysical Research Letters},
    author = {Richardson, David S. and Cloke, Hannah L. and Pappenberger, Florian},
    number = {11},
    volume = {47},
    doi = {10.1029/2020gl087934},
    issn = {0094-8276}
}

@article{Morss2010,
    title = {{Examining the use of weather forecasts in decision scenarios: Results from a us survey with implications for uncertainty communication}},
    year = {2010},
    journal = {Meteorological Applications},
    author = {Morss, Rebecca E. and Lazo, Jeffrey K. and Demuth, Julie L.},
    number = {2},
    pages = {149--162},
    volume = {17},
    doi = {10.1002/met.196}
}

@article{Silvestro2017,
    title = {{Experiences of dealing with flash floods using an ensemble hydrological nowcasting chain: implications of communication, accessibility and distribution of the results}},
    year = {2017},
    journal = {Journal of Flood Risk Management},
    author = {Silvestro, F and Rebora, N and Cummings, G and Ferraris, L},
    number = {4},
    pages = {446--462},
    volume = {10},
    doi = {10.1111/jfr3.12161},
    issn = {1753318X}
}

@article{Colson2018,
    title = {{Expert elicitation: Using the classical model to validate experts' judgments}},
    year = {2018},
    journal = {Review of Environmental Economics and Policy},
    author = {Colson, Abigail R. and Cooke, Roger M.},
    number = {1},
    pages = {113--132},
    volume = {12},
    doi = {10.1093/reep/rex022}
}

@phdthesis{Emerton2018,
    title = {{Extending the predictability of flood hazard at the global scale}},
    year = {2018},
    author = {Emerton, Rebecca Elizabeth},
    pages = {301},
    url = {http://centaur.reading.ac.uk/84734/1/18003680_Emerton_thesis.pdf},
    school = {University of Reading}
}

@article{Herman2016,
    title = {{Extreme Precipitation in Models: An Evaluation}},
    year = {2016},
    journal = {Weather and Forecasting},
    author = {Herman, Gregory R and Schumacher, Russ S},
    number = {6},
    pages = {1853--1879},
    volume = {31},
    doi = {https://doi.org/10.1175/WAF-D-16-0093.1}
}

@article{Nielsen-Gammon2005,
    title = {{Extreme rainfall in Texas: Patterns and predictability}},
    year = {2005},
    journal = {Physical Geography},
    author = {Nielsen-Gammon, John W and Zhang, Fuqing and Odins, Andrew M and Myoung, Boksoon},
    number = {5},
    pages = {340--364},
    volume = {26},
    doi = {10.2747/0272-3646.26.5.340}
}

@article{Rebora2013,
    title = {{Extreme rainfall in the mediterranean: What can we learn from observations}},
    year = {2013},
    journal = {Journal of Hydrometeorology},
    author = {Rebora, N and Molini, L and Casella, E and Comellas, A and Fiori, E and Pignone, F and Siccardi, F and Silvestro, F. and Tanelli, S and Parodi, A},
    number = {3},
    pages = {906--922},
    volume = {14},
    doi = {10.1175/JHM-D-12-083.1}
}

@article{King2014,
    title = {{Extreme rainfall variability in Australia: Patterns, drivers, and predictability}},
    year = {2014},
    journal = {Journal of Climate},
    author = {King, Andrew D and Klingaman, Nicholas P and Alexander, Lisa V and Donat, Markus G and Jourdain, Nicolas C and Maher, Penelope},
    number = {15},
    pages = {6035--6050},
    volume = {27},
    url = {http://dx.doi.org/10.1175/JCLI-D-13-},
    doi = {10.1175/JCLI-D-13-00715.1}
}

@article{Rothfusz2018,
    title = {{FACETs : A proposed next-generation paradigm for high-impact weather forecasting}},
    year = {2018},
    journal = {Bulletin of the American Meteorological Society},
    author = {Rothfusz, Lans P and Schneider, Russell and Novak, David and Klockow-McClain, Kimberly and Gerard, Alan E and Karstens, Chris and Stumpf, Gregory J and Smith, Travis M},
    number = {10},
    pages = {2025--2043},
    volume = {99},
    doi = {10.1175/BAMS-D-16-0100.1},
    issn = {00030007}
}

@misc{Li2018,
    title = {{Flash flood early warning research in China}},
    year = {2018},
    booktitle = {International Journal of Water Resources Development},
    author = {Li, Haichen and Lei, Xiaohui and Shang, Yizi and Qin, Tao},
    number = {3},
    pages = {369--385},
    volume = {34},
    doi = {https://doi.org/10.1080/07900627.2018.1435409}
}

@book{Hill2010,
    title = {{Flash flood early warning system reference guide}},
    year = {2010},
    booktitle = {The University Corporation for Atmospheric Research},
    author = {Hill, C. and Verjee, F. and Barrett, C.},
    pages = {204}
}

@incollection{Davis2001,
    title = {{Flash Flood Forecast and Detection Methods}},
    year = {2001},
    booktitle = {Severe convective storm},
    author = {Davis, Robert S.},
    pages = {481--526},
    doi = {https://doi.org/10.1175/0065-9401-28.50.481}
}

@incollection{Alfieri2015,
    title = {{Flash Flood Forecasting Based on Rainfall Thresholds}},
    year = {2015},
    booktitle = {Handbook of Hydrometeorological Ensemble Forecasting},
    author = {Alfieri, Lorenzo and Berenguer, Marc and Knechtl, Valentin and Liechti, Katharina and Sempere-Torres, Daniel and Zappa, Massimiliano},
    pages = {1--38},
    doi = {10.1007/978-3-642-40457-3{\_}49-1}
}

@inproceedings{Philipp2008,
    title = {{Flash flood forecasting combining meteorological ensemble forecasts and uncertainty of initial hydrological conditions}},
    year = {2008},
    booktitle = {Australian Journal of Water Resources},
    author = {Philipp, A and Schmitz, G H and Krau{\ss}e, T and Sch{\"{u}}tze, N and Cullmann, J},
    number = {3},
    pages = {257--267},
    volume = {12},
    doi = {https://doi.org/10.1080/13241583.2008.11465352}
}

@article{Collier2007,
    title = {{Flash flood forecasting: What are the limits of predictability?}},
    year = {2007},
    journal = {Quarterly Journal of the Royal Meteorological Society},
    author = {Collier, C G},
    number = {622},
    pages = {3--23},
    volume = {133},
    doi = {https://doi.org/10.1002/qj.29}
}

@misc{WMO2018,
    title = {{Flash Flood Guidance System (FFGS) with Global Coverage}},
    year = {2018},
    author = {{WMO}},
    url = {http://www.wmo.int/pages/prog/hwrp/flood/ffgs/}
}

@techreport{WMO2013,
    title = {{Flash Flood Guidance Systems}},
    year = {2013},
    author = {{WMO}},
    pages = {1--8}
}

@article{Montz2002,
    title = {{Flash flood mitigation: Recommendations for research and applications}},
    year = {2002},
    journal = {Global Environmental Change Part B: Environmental Hazards},
    author = {Montz, Burrell E. and Gruntfest, Eve},
    number = {1},
    pages = {15--22},
    volume = {4},
    doi = {https://doi.org/10.3763/ehaz.2002.0402}
}

@article{Papagiannaki2015,
    title = {{Flash flood occurrence and relation to the rainfall hazard in a highly urbanized area}},
    year = {2015},
    journal = {Natural Hazards and Earth System Sciences},
    author = {Papagiannaki, K. and Lagouvardos, K. and Kotroni, V. and Bezes, A.},
    number = {8},
    pages = {1859--1871},
    volume = {15},
    doi = {10.5194/nhess-15-1859-2015}
}

@article{Cutter2018,
    title = {{Flash Flood Risk and the Paradox of Urban Development}},
    year = {2018},
    journal = {Natural Hazards Review},
    author = {Cutter, Susan L. and Emrich, Christopher T. and Gall, Melanie and Reeves, Rachel},
    number = {1},
    month = {2},
    volume = {19},
    publisher = {American Society of Civil Engineers (ASCE)},
    doi = {10.1061/(ASCE)NH.1527-6996.0000268},
    issn = {15276988},
    keywords = {Development paradoxes, Flash floods, Residential recovery, Social sciences, South Carolina}
}

@article{Javelle2010,
    title = {{Flash flood warning at ungauged locations using radar rainfall and antecedent soil moisture estimations}},
    year = {2010},
    journal = {Journal of Hydrology},
    author = {Javelle, Pierre and Fouchier, Catherine and Arnaud, Patrick and Lavabre, Jacques},
    number = {1-2},
    pages = {267--274},
    volume = {394},
    doi = {https://doi.org/10.1016/j.jhydrol.2010.03.032}
}

@article{Norbiato2008,
    title = {{Flash flood warning based on rainfall thresholds and soil moisture conditions: An assessment for gauged and ungauged basins}},
    year = {2008},
    journal = {Journal of Hydrology},
    author = {Norbiato, Daniele and Borga, Marco and Degli Esposti, Silvia and Gaume, Eric and Anquetin, Sandrine},
    number = {3-4},
    pages = {274--290},
    volume = {362},
    doi = {10.1016/j.jhydrol.2008.08.023}
}

@article{Yang2015,
    title = {{Flash flood warnings using the ensemble precipitation forecasting technique: A case study on forecasting floods in Taiwan caused by typhoons}},
    year = {2015},
    journal = {Journal of Hydrology},
    author = {Yang, Tsun Hua and Yang, Sheng Chi and Ho, Jui Yi and Lin, Gwo Fong and Hwang, Gong Do and Lee, Cheng Shang},
    pages = {367--378},
    volume = {520},
    doi = {https://doi.org/10.1016/j.jhydrol.2014.11.028}
}

@article{Yang2017,
    title = {{Flash Flooding in Arid/Semiarid Regions: Dissecting the Hydrometeorology and Hydrology of the 19 August 2014 Storm and Flood Hydroclimatology in Arizona}},
    year = {2017},
    journal = {Journal of Hydrometeorology},
    author = {Yang, Long and Smith, James and Baeck, Mary Lynn and Morin, Efrat and Goodrich, David C},
    number = {12},
    pages = {3103--3123},
    volume = {18},
    doi = {https://doi.org/10.1175/JHM-D-17-0089.1}
}

@article{Laudan2020,
    title = {{Flash floods versus river floods - a comparison of psychological impacts and implications for precautionary behaviour}},
    year = {2020},
    journal = {Natural Hazards and Earth System Sciences},
    author = {Laudan, Jonas and Z{\"{o}}ller, Gert and Thieken, Annegret H},
    number = {4},
    pages = {999--1023},
    volume = {20},
    doi = {10.5194/nhess-20-999-2020}
}

@misc{Borga2010,
    title = {{Flash floods: Observations and analysis of hydro-meteorological controls}},
    year = {2010},
    booktitle = {Journal of Hydrology},
    author = {Borga, M. and Anagnostou, E. N. and Bl{\"{o}}schl, G. and Creutin, J. D.},
    number = {1-2},
    pages = {1--3},
    volume = {394},
    doi = {10.1016/j.jhydrol.2010.07.048},
    issn = {00221694}
}

@misc{AMSStatement2017,
    title = {{Flash floods: The role of science, forecasting, and communications in reducing loss of life and economic disruptions.}},
    year = {2017},
    author = {{AMS Statement}}
}

@article{Kron2015,
    title = {{Flood disasters - A global perspective}},
    year = {2015},
    journal = {Water Policy},
    author = {Kron, Wolfgang},
    number = {51},
    pages = {6--24},
    volume = {17},
    doi = {https://doi.org/10.2166/wp.2015.001}
}

@article{Ashley2008,
    title = {{Flood fatalities in the United States}},
    year = {2008},
    journal = {Journal of Applied Meteorology and Climatology},
    author = {Ashley, Sharon T. and Ashley, Walker S},
    number = {3},
    pages = {805--818},
    volume = {47},
    doi = {10.1175/2007JAMC1611.1}
}

@book{Adams2016,
    title = {{Flood Forecasting: A Global Perspective}},
    year = {2016},
    booktitle = {Flood Forecasting: A Global Perspective},
    author = {Adams, Thomas E. and Pagano, Thomas C.},
    pages = {1--433},
    publisher = {Elsevier Inc.},
    doi = {10.1016/C2014-0-01361-5}
}

@article{Kvocka2016,
    title = {{Flood hazard assessment for extreme flood events}},
    year = {2016},
    journal = {Natural Hazards},
    author = {Kvo{\v{c}}ka, Davor and Falconer, Roger A and Bray, Michaela},
    number = {3},
    pages = {1569--1599},
    volume = {84},
    doi = {https://doi.org/10.1007/s11069-016-2501-z}
}

@article{Jurlina2019,
    title = {{Flood hazard risk forecasting index (FHRFI) for urban areas: The Hurricane Harvey case study}},
    year = {2019},
    journal = {Meteorological Applications},
    author = {Jurlina, Toni and Baugh, Calum and Pappenberger, Florian and Prudhomme, Christel},
    doi = {10.1002/met.1845},
    issn = {14698080}
}

@article{Egbinola2017,
    title = {{Flood management in cities of developing countries: the example of Ibadan, Nigeria}},
    year = {2017},
    journal = {Journal of Flood Risk Management},
    author = {Egbinola, C. N. and Olaniran, H. D. and Amanambu, A. C.},
    number = {4},
    pages = {546--554},
    volume = {10},
    doi = {https://doi.org/10.1111/jfr3.12157}
}

@article{Mosavi2018,
    title = {{Flood prediction using machine learning models: Literature review}},
    year = {2018},
    journal = {Water},
    author = {Mosavi, Amir and Ozturk, Pinar and Chau, Kwok Wing},
    number = {11},
    volume = {10},
    doi = {https://doi.org/10.3390/w10111536}
}

@article{Salman2018,
    title = {{Flood Risk Assessment, Future Trend Modeling, and Risk Communication: A Review of Ongoing Research}},
    year = {2018},
    journal = {Natural Hazards Review},
    author = {Salman, Abdullahi M. and Li, Yue},
    number = {3},
    pages = {04018011},
    volume = {19},
    doi = {10.1061/(ASCE)NH.1527-6996.0000294}
}

@article{Morss2005,
    title = {{Flood risk, uncertainty, and scientific information for decision making: Lessons from an interdisciplinary project}},
    year = {2005},
    journal = {Bulletin of the American Meteorological Society},
    author = {Morss, Rebecca E and Wilhelmi, Olga V and Downton, Mary W and Gruntfest, Eve},
    number = {11},
    pages = {1593--1601},
    volume = {86},
    doi = {10.1175/BAMS-86-11-1593},
    issn = {00030007}
}

@article{Bloschl2008,
    title = {{Flood warning ‐ on the value of local information}},
    year = {2008},
    journal = {International Journal of River Basin Management},
    author = {Bl{\"{o}}schl, Günter},
    number = {1},
    pages = {41--50},
    volume = {6},
    doi = {10.1080/15715124.2008.9635336}
}

@misc{Davies2019,
    title = {{FloodList}},
    year = {2019},
    author = {Davies, Richard},
    url = {http://floodlist.com/}
}

@book{Candille2003,
    title = {{Forecast Verification. A practicioner's Guide in Atmospheric Science}},
    year = {2003},
    author = {Candille, G. and Deque, M. and Drosdowsky, W. and Joliffe, I.T. and Livezey, R.E. and Mason, I.B. and Potts, J.M. and Richardson, D. and Stephenson, D.B. and Talagrand, O. and Toth, Z. and Zhang, H.},
    editor = {Joliffe, Ian T. and Stephenson, David B.},
    pages = {240},
    publisher = {Wiley}
}

@book{Jolliffe2012,
    title = {{Forecast Verification: A Practitioner's Guide in Atmospheric Science, Second Edition}},
    year = {2012},
    author = {Jolliffe, Ian T. and Stephenson, David B.},
    publisher = {Wiley - Blackwell},
    url = {https://leseprobe.buch.de/images-adb/13/86/1386a538-a631-47b7-8e4b-12ea9ca873ee.pdf},
    doi = {10.1002/9781119960003}
}

@inproceedings{Casati2008,
    title = {{Forecast verification: Current status and future directions}},
    year = {2008},
    booktitle = {Meteorological Applications},
    author = {Casati, Barbara and Wilson, L. J. and Stephenson, D. B. and Nurmi, P. and Ghelli, Anna and Pocernich, M. and Damrath, U. and Ebert, E. E. and Brown, B. G. and Mason, S.},
    number = {1},
    pages = {3--18},
    volume = {15},
    doi = {10.1002/met.52}
}

@article{CoughlanDePerez2015,
    title = {{Forecast-based financing: An approach for catalyzing humanitarian action based on extreme weather and climate forecasts}},
    year = {2015},
    journal = {Natural Hazards and Earth System Sciences},
    author = {Coughlan De Perez, E. and Van Den Hurk, B. and Van Aalst, M. K. and Jongman, B. and Klose, T. and Suarez, P.},
    number = {4},
    pages = {895--904},
    volume = {15},
    doi = {https://doi.org/10.5194/nhess-15-895-2015}
}

@article{Jones,
    title = {{Forecasting High-Impact Weather in Landfalling Tropical Cyclones Using a Warn-on-Forecast System}},
    author = {Jones, Thomas and Skinner, Patrick and Yussouf, Nusrat and Knopfmeier, Kent and Reinhart, Anthony and Dowell, David},
    doi = {10.1175/BAMS-D-18-0203.1}
}

@misc{Jones2019,
    title = {{Forecasting high-impact weather in landfalling tropical cyclones using a warn-on-forecast system}},
    year = {2019},
    booktitle = {Bulletin of the American Meteorological Society},
    author = {Jones, Thomas and Skinner, Patrick and Yussouf, Nusrat and Knopfmeier, Kent and Reinhart, Anthony and Dowell, David},
    number = {8},
    pages = {1405--1417},
    volume = {100},
    doi = {10.1175/BAMS-D-18-0203.1}
}

@article{Hill2020,
    title = {{Forecasting Severe Weather with Random Forests}},
    year = {2020},
    journal = {Monthly Weather Review},
    author = {Hill, Aaron J and Herman, Gregory R and Schumacher, Russ S},
    number = {5},
    pages = {2135--2161},
    volume = {148},
    doi = {10.1175/mwr-d-19-0344.1},
    issn = {0027-0644}
}

@article{Borga2019,
    title = {{Forensic analysis of flash flood response}},
    year = {2019},
    journal = {Wiley Interdisciplinary Reviews: Water},
    author = {Borga, Marco and Comiti, Francesco and Ruin, Isabelle and Marra, Francesco},
    number = {2},
    volume = {6},
    doi = {https://doi.org/10.1002/wat2.1338}
}

@article{Bronstert2018,
    title = {{Forensic hydro-meteorological analysis of an extreme flash flood: The 2016-05-29 event in Braunsbach, SW Germany}},
    year = {2018},
    journal = {Science of the Total Environment},
    author = {Bronstert, Axel and Agarwal, Ankit and Boessenkool, Berry and Crisologo, Irene and Fischer, Madlen and Heistermann, Maik and K{\"{o}}hn-Reich, Lisei and L{\'{o}}pez-Taraz{\'{o}}n, José Andrés and Moran, Thomas and Ozturk, Ugur and Reinhardt-Imjela, Christian and Wendi, Dadiyorto},
    pages = {977--991},
    volume = {630},
    doi = {https://doi.org/10.1016/j.scitotenv.2018.02.241}
}

@article{Taillardat2020,
    title = {{From research to applications – Examples of operational ensemble post-processing in France using machine learning}},
    year = {2020},
    journal = {Nonlinear Processes in Geophysics Discussions},
    author = {Taillardat, Maxime and Mestre, Olivier},
    number = {2},
    pages = {1--27},
    volume = {27},
    doi = {10.5194/npg-2019-65}
}

@article{El-Samra2017,
    title = {{Future intensification of hydro-meteorological extremes: downscaling using the weather research and forecasting model}},
    year = {2017},
    journal = {Climate Dynamics},
    author = {El-Samra, R and Bou-Zeid, E. and Bangalath, H. K. and Stenchikov, G. and El-Fadel, M.},
    number = {11-12},
    pages = {3765--3785},
    volume = {49},
    doi = {https://doi.org/10.1007/s00382-017-3542-z}
}

@article{Viglione2010b,
    title = {{Generalised synthesis of space-time variability in flood response: An analytical framework}},
    year = {2010},
    journal = {Journal of Hydrology},
    author = {Viglione, Alberto and Chirico, Giovanni Battista and Woods, Ross and Bl{\"{o}}schl, Günter},
    number = {1-2},
    pages = {198--212},
    volume = {394},
    doi = {https://doi.org/10.1016/j.jhydrol.2010.05.047}
}

@article{Wu2011,
    title = {{Generation of ensemble precipitation forecast from single-valued quantitative precipitation forecast for hydrologic ensemble prediction}},
    year = {2011},
    journal = {Journal of Hydrology},
    author = {Wu, Limin and Seo, Dong Jun and Demargne, Julie and Brown, James D. and Cong, Shuzheng and Schaake, John},
    number = {3-4},
    pages = {281--298},
    volume = {399},
    doi = {https://doi.org/10.1016/j.jhydrol.2011.01.013}
}

@article{Kirchner2006,
    title = {{Getting the right answers for the right reasons: Linking measurements, analyses, and models to advance the science of hydrology}},
    year = {2006},
    journal = {Water Resources Research},
    author = {Kirchner, James W},
    number = {3},
    volume = {42},
    doi = {10.1029/2005WR004362},
    issn = {00431397}
}

@article{Jonkman2005,
    title = {{Global perspectives on loss of human life caused by floods}},
    year = {2005},
    journal = {Natural Hazards},
    author = {Jonkman, S. N.},
    number = {2},
    pages = {151--175},
    volume = {34},
    doi = {https://doi.org/10.1007/s11069-004-8891-3}
}

@article{Adikari2009,
    title = {{Global Trends in Water-Related Disasters : an insight for policymakers The United Nations World Water Development Report 3 Water in a Changing World}},
    year = {2009},
    journal = {Unesco},
    author = {Adikari, Yoganath and Yoshitani, Junichi},
    pages = {28}
}

@article{Alfieri2012,
    title = {{GloFAS {\&}ndash; global ensemble streamflow forecasting and flood early warning}},
    year = {2012},
    journal = {Hydrology and Earth System Sciences Discussions},
    author = {Alfieri, L and Burek, P and Dutra, E and Krzeminski, B and Muraro, D and Thielen, J and Pappenberger, F},
    number = {11},
    pages = {12293--12332},
    volume = {9},
    doi = {10.5194/hessd-9-12293-2012}
}

@article{Wilby2004,
    title = {{Guidelines for Use of Climate Scenarios Developed from Statistical Downscaling Methods}},
    year = {2004},
    journal = {Supporting Material of the Intergovernmental Panel on Climate Change},
    author = {Wilby, R L and Charles, S P and Zorita, E and Timbal, B and Whetton, P and Mearns, L O},
    url = {http://www.narccap.ucar.edu/doc/tgica-guidance-2004.pdf}
}

@book{Duan2019,
    title = {{Handbook of Hydrometeorological Ensemble Forecasting}},
    year = {2019},
    booktitle = {Handbook of Hydrometeorological Ensemble Forecasting},
    author = {Duan, Qingyun and Pappenberger, Florian and Wood, Andy and Cloke, Hannah L. and Schaake, John},
    publisher = {Springer},
    doi = {https://doi.org/10.1007/978-3-642-39925-1}
}

@book{Schumacher2017,
    title = {{Heavy Rainfall and Flash Flooding}},
    year = {2017},
    booktitle = {Oxford Research Encyclopedia of Natural Hazard Science},
    author = {Schumacher, Russ S},
    volume = {1},
    doi = {10.1093/acrefore/9780199389407.013.132}
}

@misc{Wetterhall2013,
    title = {{HESS Opinions "forecaster priorities for improving probabilistic flood forecasts"}},
    year = {2013},
    booktitle = {Hydrology and Earth System Sciences},
    author = {Wetterhall, F and Pappenberger, F and Alfieri, L and Cloke, H L and Thielen-Del Pozo, J and Balabanova, S and Daňhelka, J. and Vogelbacher, A and Salamon, P and Carrasco, I and Cabrera-Tordera, A J and Corzo-Toscano, M and Garcia-Padilla, M and Garcia-Sanchez, R J and Ardilouze, C and Jurela, S and Terek, B and Csik, A and Casey, J and Stankunavi{\v{c}}ius, G. and Ceres, V and Sprokkereef, E and Stam, J and Anghel, E and Vladikovic, D and Alionte Eklund, C. and Hjerdt, N and Djerv, H and Holmberg, F and Nilsson, J and Nystr{\"{o}}m, K and Su{\v{s}}nik, M and Hazlinger, M and Holubecka, M},
    number = {11},
    pages = {4389--4399},
    volume = {17},
    doi = {10.5194/hess-17-4389-2013},
    issn = {16077938}
}

@inproceedings{Seo2014,
    title = {{High-resolution flash flood forecasting for large urban areas – sensitivity to scale of precipitation input and model resolution}},
    year = {2014},
    booktitle = {International Conference on Hydrionformatics},
    author = {Seo, Dong Jun and Nasab, Arezoo Rafieei and Nazari, Behzad and Norouzi, Amir and Mathew, Thomas}
}

@article{Pappenberger2015,
    title = {{How do I know if my forecasts are better? Using benchmarks in hydrological ensemble prediction}},
    year = {2015},
    journal = {Journal of Hydrology},
    author = {Pappenberger, F. and Ramos, M. H. and Cloke, H. L. and Wetterhall, F. and Alfieri, L. and Bogner, K. and Mueller, A. and Salamon, P.},
    month = {3},
    pages = {697--713},
    volume = {522},
    publisher = {Elsevier},
    doi = {10.1016/j.jhydrol.2015.01.024},
    issn = {00221694},
    keywords = {Benchmark, Evaluation, Forecast performance, Hydrological ensemble prediction, Probabilistic forecasts, Verification}
}

@article{Morss2016,
    title = {{How do people perceive, understand, and anticipate responding to flash flood risks and warnings? Results from a public survey in Boulder, Colorado, USA}},
    year = {2016},
    journal = {Journal of Hydrology},
    author = {Morss, Rebecca E and Mulder, Kelsey J and Lazo, Jeffrey K and Demuth, Julie L},
    pages = {649--664},
    volume = {541},
    doi = {https://doi.org/10.1016/j.jhydrol.2015.11.047}
}

@article{Ruin2008,
    title = {{Human exposure to flash floods - Relation between flood parameters and human vulnerability during a storm of September 2002 in Southern France}},
    year = {2008},
    journal = {Journal of Hydrology},
    author = {Ruin, Isabelle and Creutin, Jean Dominique and Anquetin, Sandrine and Lutoff, Céline},
    number = {1-2},
    pages = {199--213},
    volume = {361},
    doi = {https://doi.org/10.1016/j.jhydrol.2008.07.044}
}

@article{Ruin2009,
    title = {{Human vulnerability to flash floods: Addressing physical exposure and behavioural questions}},
    year = {2009},
    journal = {Flood Risk Management: Research and Practice},
    author = {Ruin, Isabelle and Creutin, Jean-Dominique and Anquetin, Sandrine and Gruntfest, Eve and Lutoff, Céline},
    pages = {1005--1012},
    doi = {10.1201/9780203883020.ch116}
}

@article{Boucher2012,
    title = {{Hydro-economic assessment of hydrological forecasting systems}},
    year = {2012},
    journal = {Journal of Hydrology},
    author = {Boucher, M. A. and Tremblay, D. and Delorme, L. and Perreault, L. and Anctil, F.},
    pages = {133--144},
    volume = {416-417},
    doi = {10.1016/j.jhydrol.2011.11.042},
    issn = {00221694}
}

@article{Cloke2013,
    title = {{Hydrological ensemble prediction systems}},
    year = {2013},
    journal = {Hydrological Processes},
    author = {Cloke, Hannah L. and Pappenberger, Florian and van Andel, Schalk Jan and Schaake, John and Thielen, Jutta and Ramos, Maria Helena},
    number = {1},
    pages = {1--4},
    volume = {27},
    doi = {10.1002/hyp.9679}
}

@incollection{Kelsch2011a,
    title = {{Hydrometeorological Characteristics of Flash Floods}},
    year = {2011},
    booktitle = {Coping With Flash Floods},
    author = {Kelsch, Matthew},
    pages = {181--193},
    publisher = {Springer Netherlands},
    doi = {https://doi.org/10.1007/978-94-010-0918-8{\_}18}
}

@incollection{Kelsch2011,
    title = {{Hydrometeorology of Flash Floods}},
    year = {2011},
    booktitle = {Coping With Flash Floods},
    author = {Kelsch, Matthew and Caporali, Enrica and Lanza, Luca G.},
    pages = {19--35},
    publisher = {Springer Netherlands},
    doi = {https://doi.org/10.1007/978-94-010-0918-8{\_}4}
}

@article{Ducrocq2014,
    title = {{HyMeX-SOP1: The field campaign dedicated to heavy precipitation and flash flooding in the northwestern mediterranean}},
    year = {2014},
    journal = {Bulletin of the American Meteorological Society},
    author = {Ducrocq, Véronique and Braud, Isabelle and Davolio, Silvio and Ferretti, Rossella and Flamant, Cyrille and Jansa, Agustin and Kalthoff, Norbert and Richard, Evelyne and Taupier-Letage, Isabelle and Ayral, Pierre Alain and Belamari, Sophie and Berne, Alexis and Borga, Marco and Boudevillain, Brice and Bock, Olivier and Boichard, Jean Luc and Bouin, Marie Noëlle and Bousquet, Olivier and Bouvier, Christophe and Chiggiato, Jacopo and Cimini, Domenico and Corsmeier, Ulrich and Coppola, Laurent and Cocquerez, Philippe and Defer, Eric and Delano{\"{e}}, Julien and Di Girolamo, Paolo and Doerenbecher, Alexis and Drobinski, Philippe and Dufournet, Yann and Fourri{\'{e}}, NaDia and Gourley, Jonathan J and Labatut, Laurent and Lambert, Dominique and Le Coz, Jérôme and Marzano, Frank S. and Molini{\'{e}}, Gilles and Montani, Andrea and Nord, Guillaume and Nuret, Mathieu and Ramage, Karim and Rison, William and Roussot, Odile and Said, Frédérique and Schwarzenboeck, Alfons and Testor, Pierre and Van Baelen, Joël and Vincendon, Béatrice and Aran, Montserrat and Tamayo, Jorge},
    number = {7},
    pages = {1083--1100},
    volume = {95},
    doi = {https://doi.org/10.1175/BAMS-D-12-00244.1}
}

@article{Buizza1998,
    title = {{Impact of ensemble size on ensemble prediction}},
    year = {1998},
    journal = {Monthly Weather Review},
    author = {Buizza, R and Palmer, T N},
    number = {9},
    pages = {2503--2518},
    volume = {126},
    doi = {10.1175/1520-0493(1998)126<2503:IOESOE>2.0.CO;2}
}

@article{Bachmann2019,
    title = {{Impact of radar data assimilation and orography on predictability of deep convection}},
    year = {2019},
    journal = {Quarterly Journal of the Royal Meteorological Society},
    author = {Bachmann, Kevin and Keil, Christian and Weissmann, Martin},
    number = {718},
    pages = {117--130},
    volume = {145},
    doi = {10.1002/qj.3412}
}

@incollection{Petersen2011,
    title = {{Impacts of Flash Floods}},
    year = {2011},
    booktitle = {Coping With Flash Floods},
    author = {Petersen, Margaret S.},
    pages = {11--13},
    publisher = {Springer Netherlands},
    doi = {https://doi.org/10.1007/978-94-010-0918-8{\_}2}
}

@article{Barthold2015,
    title = {{Improving flash flood forecasts : The HMT-WPC flash flood and intense rainfall experiment}},
    year = {2015},
    journal = {Bulletin of the American Meteorological Society},
    author = {Barthold, Faye E. and Workoff, Thomas E. and Cosgrove, Brian A. and Gourley, Jonathan J. and Novak, David R. and Mahoney, Kelly M.},
    number = {11},
    pages = {1859--1866},
    volume = {96},
    doi = {10.1175/BAMS-D-14-00201.1}
}

@misc{Stephens2014,
    title = {{Improving flood forecasts for better flood preparedness in the UK (and beyond)}},
    year = {2014},
    booktitle = {Geographical Journal},
    author = {Stephens, Elisabeth and Cloke, Hannah},
    number = {4},
    pages = {310--316},
    volume = {180},
    doi = {10.1111/geoj.12103},
    issn = {14754959}
}

@article{Worley2008,
    title = {{Improving high-impact weather forecasts}},
    year = {2008},
    journal = {Eos},
    author = {Worley, Steven and Schuster, Doug and Bougeault, Phillipe and Raoult, Baudouin and Chen, De Hui and Dong, Jiandong},
    number = {36},
    pages = {330--331},
    volume = {89},
    doi = {10.1029/2008EO360002}
}

@article{Gascon2018,
    title = {{Improving predictions of precipitation type at the surface: Description and verification of two new products from the ECMWF ensemble}},
    year = {2018},
    journal = {Weather and Forecasting},
    author = {Gasc{\'{o}}n, Estíbaliz and Hewson, Tim and Haiden, Thomas},
    number = {1},
    pages = {89--108},
    volume = {33},
    doi = {10.1175/WAF-D-17-0114.1}
}

@article{Atencia2010,
    title = {{Improving QPF by blending techniques at the meteorological service of Catalonia}},
    year = {2010},
    journal = {Natural Hazards and Earth System Science},
    author = {Atencia, A and Rigo, T and Sairouni, A and Mor{\'{e}}, J and Bech, J and Vilaclara, E and Cunillera, J and Llasat, M C and Garrote, L},
    number = {7},
    pages = {1443--1455},
    volume = {10},
    doi = {10.5194/nhess-10-1443-2010}
}

@article{Fritsch2004,
    title = {{Improving quantitative precipitation forecasts in the warm season: A USWRP research and development strategy}},
    year = {2004},
    journal = {Bulletin of the American Meteorological Society},
    author = {Fritsch, J. Michael and Carbone, R E},
    number = {7},
    pages = {955--965},
    volume = {85},
    doi = {10.1175/BAMS-85-7-955}
}

@article{Zhang2019,
    title = {{Increasing the value of weather-related warnings}},
    year = {2019},
    journal = {Science Bulletin},
    author = {Zhang, Qinghong and Li, Liye and Ebert, Beth and Golding, Brian and Johnston, David and Mills, Brian and Panchuk, Shannon and Potter, Sally and Riemer, Michael and Sun, Juanzhen and Taylor, Andrea and Jones, Sarah and Ruti, Paolo and Keller, Julia},
    number = {10},
    pages = {647--649},
    volume = {64},
    doi = {10.1016/j.scib.2019.04.003}
}

@article{Nobert2010,
    title = {{Informing operational flood management with ensemble predictions: Lessons from Sweden}},
    year = {2010},
    journal = {Journal of Flood Risk Management},
    author = {Nobert, S and Demeritt, D and Cloke, H},
    number = {1},
    pages = {72--79},
    volume = {3},
    doi = {10.1111/j.1753-318X.2009.01056.x},
    issn = {1753318X}
}

@article{Karagiorgos2016a,
    title = {{Integrated flash flood vulnerability assessment: Insights from East Attica, Greece}},
    year = {2016},
    journal = {Journal of Hydrology},
    author = {Karagiorgos, Konstantinos and Thaler, Thomas and Heiser, Micha and H{\"{u}}bl, Johannes and Fuchs, Sven},
    pages = {553--562},
    volume = {541},
    doi = {https://doi.org/10.1016/j.jhydrol.2016.02.052}
}

@article{Amponsah2018,
    title = {{Integrated high-resolution dataset of high-intensity European and Mediterranean flash floods}},
    year = {2018},
    journal = {Earth System Science Data},
    author = {Amponsah, William and Ayral, Pierre Alain and Boudevillain, Brice and Bouvier, Christophe and Braud, Isabelle and Brunet, Pascal and Delrieu, Guy and DIdon-Lescot, Jean François and Gaume, Eric and Lebouc, Laurent and Marchi, Lorenzo and Marra, Francesco and Morin, Efrat and Nord, Guillaume and Payrastre, Olivier and Zoccatelli, Davide and Borga, Marco},
    number = {4},
    pages = {1783--1794},
    volume = {10},
    doi = {10.5194/essd-10-1783-2018},
    issn = {18663516}
}

@article{Hamill2002,
    title = {{Interpretation of Rank Histograms for Verifying Ensemble Forecasts}},
    year = {2002},
    journal = {Monthly Weather Review},
    author = {Hamill, Thomas M},
    number = {3},
    pages = {550--560},
    volume = {129},
    doi = {https://doi.org/10.1175/1520-0493(2001)129<0550:IORHFV>2.0.CO;2}
}

@article{Buizza2018a,
    title = {{Introduction to the special issue on “25 years of ensemble forecasting”}},
    year = {2019},
    journal = {Quarterly Journal of the Royal Meteorological Society},
    author = {Buizza, Roberto},
    number = {S1},
    pages = {1--11},
    volume = {145},
    doi = {10.1002/qj.3370},
    issn = {1477870X}
}

@inproceedings{Greis2015,
    title = {{Investigating representation alternatives for communicating uncertainty to non-experts}},
    year = {2015},
    booktitle = {Lecture Notes in Computer Science (including subseries Lecture Notes in Artificial Intelligence and Lecture Notes in Bioinformatics)},
    author = {Greis, Miriam and Ohler, Thorsten and Henze, Niels and Schmidt, Albrecht},
    pages = {256--263},
    volume = {9299},
    isbn = {9783319227221},
    doi = {10.1007/978-3-319-22723-8{\_}21},
    issn = {16113349}
}

@article{Luo2015,
    title = {{Investigation of the predictability and physical mechanisms of an extreme-rainfall-producing mesoscale convective system along the Meiyu front in East China: An ensemble approach}},
    year = {2015},
    journal = {Journal of Geophysical Research},
    author = {Luo, Yali and Chen, Yangruixue},
    number = {20},
    pages = {593--10},
    volume = {120},
    doi = {10.1002/2015JD023584},
    issn = {21562202}
}

@incollection{Larsen2011a,
    title = {{Landslide Hazards Associated With Flash-Floods, with Examples from The December 1999 Disaster in Venezuela}},
    year = {2011},
    booktitle = {Coping With Flash Floods},
    author = {Larsen, Matthew C. and V{\'{A}}zquez Conde, Maria Tresa and Clark, Robert A.},
    pages = {259--275},
    publisher = {Springer Netherlands},
    doi = {https://doi.org/10.1007/978-94-010-0918-8{\_}25}
}

@article{Mahmood2017,
    title = {{Lessons learned from Khartoum flash flood impacts: An integrated assessment}},
    year = {2017},
    journal = {Science of the Total Environment},
    author = {Mahmood, Mohamad Ibrahim and Elagib, Nadir Ahmed and Horn, Finlay and Saad, Suhair A.G.},
    pages = {1031--1045},
    volume = {601-602},
    doi = {https://doi.org/10.1016/j.scitotenv.2017.05.260}
}

@misc{Golding2009,
    title = {{Long lead time flood warnings: Reality or fantasy?}},
    year = {2009},
    booktitle = {Meteorological Applications},
    author = {Golding, B. W.},
    number = {1},
    pages = {3--12},
    volume = {16},
    doi = {https://doi.org/10.1002/met.123}
}

@article{Jonkman2008a,
    title = {{Loss of life due to floods}},
    year = {2008},
    journal = {Journal of Flood Risk Management},
    author = {Jonkman, S.N. and Vrijling, J.K.},
    number = {1},
    pages = {43--56},
    volume = {1},
    doi = {10.1111/j.1753-318x.2008.00006.x}
}

@article{Barredo2007,
    title = {{Major flood disasters in Europe: 1950-2005}},
    year = {2007},
    journal = {Natural Hazards},
    author = {Barredo, José I},
    number = {1},
    pages = {125--148},
    volume = {42},
    doi = {10.1007/s11069-006-9065-2},
    issn = {0921030X}
}

@book{WMO2011,
    title = {{Manual of flood forecasting and warning}},
    year = {2011},
    author = {{WMO}},
    editor = {{WMO Publications Board}},
    edition = {WMO-No. 10},
    pages = {142},
    url = {http://www.wmo.int/pages/prog/hwrp/publications/flood_forecasting_warning/WMO 1072_en.pdf},
    institution = {World Meteorological Organization},
    address = {Geneva},
    isbn = {978-92-63-11072-5}
}

@article{Lin2020,
    title = {{Mapping the knowledge development and frontier areas of public risk governance research}},
    year = {2020},
    journal = {International Journal of Disaster Risk Reduction},
    author = {Lin, Xue and Zhang, Haibo and Wu, Hengqin and Cui, Dongjin},
    pages = {101365},
    volume = {43},
    doi = {10.1016/j.ijdrr.2019.101365}
}

@article{Changnon2003,
    title = {{Measures of Economic Impacts of Weather Extremes: Getting Better but Far from What is Needed - A Call for Action}},
    year = {2003},
    journal = {Bulletin of the American Meteorological Society},
    author = {Changnon, Stanley D.},
    number = {9},
    pages = {1231--1236},
    volume = {84},
    doi = {https://doi.org/10.1175/BAMS-84-9-1231}
}

@article{Richardson2001,
    title = {{Measures of skill and value of ensemble prediction systems, their interrelationship and the effect of ensemble size}},
    year = {2001},
    journal = {Quarterly Journal of the Royal Meteorological Society},
    author = {Richardson, D. S.},
    number = {577},
    pages = {2473--2489},
    volume = {127},
    doi = {https://doi.org/10.1002/qj.49712757715}
}

@article{Peters2014,
    title = {{Mechanisms for Organization and Echo Training in a Flash-Flood-Producing Mesoscale Convective System}},
    year = {2014},
    journal = {Monthly Weather Review},
    author = {Peters, John M. and Schumacher, Russ S},
    number = {4},
    pages = {1058--1085},
    volume = {143},
    doi = {https://doi.org/10.1175/MWR-D-14-00070.1}
}

@incollection{Gaume2016,
    title = {{Mediterranean extreme floods and flash floods}},
    year = {2016},
    booktitle = {The Mediterranean Region under Climate Change. A Scientific Update},
    author = {Gaume, Eric and Borga, Marco and Llasat, M.C. and Maouche, Said and Lang, Michel and Diakakis, Michalis},
    pages = {133--144}
}

@article{Schumacher2008,
    title = {{Mesoscale Processes Contributing to Extreme Rainfall in a Midlatitude Warm-Season Flash Flood}},
    year = {2008},
    journal = {Monthly Weather Review},
    author = {Schumacher, Russ S and Johnson, Richard H},
    number = {10},
    pages = {3964--3986},
    volume = {136},
    doi = {https://doi.org/10.1175/2008MWR2471.1}
}

@article{Wilson2019,
    title = {{Meteorologists’ interpretations of storm-scale ensemble-based forecast guidance}},
    year = {2019},
    journal = {Weather, Climate, and Society},
    author = {Wilson, Katie A and Heinselman, Pamela L and Skinner, Patrick S and Choate, Jessica J and Klockow-McClain, Kim E.},
    number = {2},
    pages = {337--354},
    volume = {11},
    doi = {10.1175/WCAS-D-18-0084.1},
    issn = {19488335}
}

@article{Jonkman2008,
    title = {{Methods for the estimation of loss of life due to floods: A literature review and a proposal for a new method}},
    year = {2008},
    journal = {Natural Hazards},
    author = {Jonkman, S. N. and Vrijling, J. K. and Vrouwenvelder, A. C.W.M.},
    number = {3},
    pages = {353--389},
    volume = {46},
    doi = {10.1007/s11069-008-9227-5},
    issn = {0921030X}
}

@article{Karagiorgos2016,
    title = {{Micro-sized enterprises: vulnerability to flash floods}},
    year = {2016},
    journal = {Natural Hazards},
    author = {Karagiorgos, Konstantinos and Heiser, Micha and Thaler, Thomas and H{\"{u}}bl, Johannes and Fuchs, Sven},
    number = {2},
    pages = {1091--1107},
    volume = {84},
    doi = {https://doi.org/10.1007/s11069-016-2476-9}
}

@phdthesis{Herman2016a,
    title = {{Model post-processing for the extremes: improving forecasts of locally extremes}},
    year = {2016},
    author = {Herman, Gregory Reid},
    school = {Colorado State University}
}

@article{Demeritt2014,
    title = {{Models of best practice in flood risk communication and management}},
    year = {2014},
    journal = {Environmental Hazards},
    author = {Demeritt, David and Nobert, Sebastien},
    number = {4},
    pages = {313--328},
    volume = {13},
    doi = {10.1080/17477891.2014.924897}
}

@inproceedings{Georgakakos2005,
    title = {{Modern operational flash flood warning systems based on flash flood guidance theory: performance evaluation}},
    year = {2005},
    booktitle = {Proceedings, International Conference on Innovation, Advances and Implementation of Flood Forecasting Technology},
    author = {Georgakakos, K},
    number = {October}
}

@article{Golding2016,
    title = {{MOGREPS-UK convection-permitting ensemble products for surface water flood forecasting: Rationale and first results}},
    year = {2016},
    journal = {Journal of Hydrometeorology},
    author = {Golding, Brian and Roberts, Nigel and Leoncini, Giovanni and Mylne, Ken and Swinbank, Richard},
    number = {5},
    pages = {1383--1406},
    volume = {17},
    doi = {10.1175/JHM-D-15-0083.1},
    issn = {15257541}
}

@article{Braud2014,
    title = {{Multi-scale hydrometeorological observation and modelling for flash flood understanding}},
    year = {2014},
    journal = {Hydrology and Earth System Sciences},
    author = {Braud, I and Ayral, P. A. and Bouvier, C and Branger, F and Delrieu, G and Le Coz, J and Nord, G and Vandervaere, J. P. and Anquetin, S and Adamovic, M and Andrieu, J and Batiot, C and Boudevillain, B and Brunet, P and Carreau, J and Confoland, A and Didon-Lescot, J. F. and Domergue, J. M. and Douvinet, J and Dramais, G and Freydier, R and G{\'{e}}rard, S and Huza, J and Leblois, E and Le Bourgeois, O and Le Boursicaud, R and Marchand, P and Martin, P and Nottale, L and Patris, N and Renard, B and Seidel, J. L. and Taupin, J. D. and Vannier, O and Vincendon, B. and Wijbrans, A},
    number = {9},
    pages = {3733--3761},
    volume = {18},
    doi = {https://doi.org/10.5194/hess-18-3733-2014}
}

@techreport{Barredo2009,
    title = {{Natural Hazards and Earth System Sciences Normalised flood losses in Europe: 1970-2006}},
    year = {2009},
    booktitle = {Hazards Earth Syst. Sci},
    author = {Barredo, J I},
    pages = {97--104},
    volume = {9},
    doi = {10.5194/nhess-4-615-2004}
}

@article{Barnes2019,
    title = {{New approaches to postprocessing of multi-model ensemble forecasts}},
    year = {2019},
    journal = {Quarterly Journal of the Royal Meteorological Society},
    author = {Barnes, Clair and Brierley, Christopher M. and Chandler, Richard E.},
    number = {725},
    pages = {3479--3498},
    volume = {145},
    doi = {10.1002/qj.3632}
}

@article{Pappenberger2008,
    title = {{New dimensions in early flood warning across the globe using grand-ensemble weather predictions}},
    year = {2008},
    journal = {Geophysical Research Letters},
    author = {Pappenberger, Florian and Bartholmes, Jens and Thielen, Jutta and Cloke, Hannah L. and Buizza, Roberto and de Roo, Ad},
    number = {10},
    volume = {35},
    doi = {https://doi.org/10.1029/2008GL033837}
}

@article{Pillosu2017,
    title = {{New point-rainfall forecasts for flash flood prediction}},
    year = {2017},
    journal = {ECMWF Newsletter},
    author = {Pillosu, Fatima and Hewson, Tim},
    volume = {153},
    url = {https://www.ecmwf.int/en/newsletter/153/news/new-point-rainfall-forecasts-flash-flood-prediction}
}

@article{Hamill2013,
    title = {{NOAA's second-generation global medium-range ensemble reforecast dataset}},
    year = {2013},
    journal = {Bulletin of the American Meteorological Society},
    author = {Hamill, Thomas M. and Bates, Gary T. and Whitaker, Jeffrey S. and Murray, Donald R. and Fiorino, Michael and Galarneau, Thomas J. and Zhu, YueJian and Lapenta, William},
    number = {10},
    pages = {1553--1565},
    volume = {94},
    url = {www.cpc.ncep},
    doi = {10.1175/BAMS-D-12-00014.1}
}

@article{Juanchich2019,
    title = {{Not as gloomy as we thought: reassessing how the public understands probability of precipitation forecasts}},
    year = {2019},
    journal = {Journal of Cognitive Psychology},
    author = {Juanchich, Marie and Sirota, Miroslav},
    number = {1},
    pages = {116--129},
    volume = {31},
    doi = {10.1080/20445911.2018.1553884}
}

@article{Davis2006,
    title = {{Object-based verification of precipitation forecasts. Part I: Methodology and application to mesoscale rain areas}},
    year = {2006},
    journal = {Monthly Weather Review},
    author = {Davis, Christopher A. and Brown, Barbara and Bullock, Randy},
    number = {7},
    pages = {1772--1784},
    volume = {134},
    doi = {10.1175/MWR3145.1},
    issn = {00270644}
}

@article{LeClerc2012,
    title = {{Odds ratio forecasts increase precautionary action for extreme weather events}},
    year = {2012},
    journal = {Weather, Climate, and Society},
    author = {Le Clerc, Jared and Joslyn, Susan},
    number = {4},
    pages = {263--270},
    volume = {4},
    doi = {10.1175/WCAS-D-12-00013.1},
    issn = {19488327}
}

@article{Marty2008,
    title = {{On adapting PQPFs to fit hydrological needs: the case of flash flood forecasting}},
    year = {2008},
    journal = {Atmospheric Science Letters},
    author = {Marty, R. and Zin, I. and Obled, Ch.},
    number = {2},
    pages = {73--79},
    volume = {9},
    doi = {https://doi.org/10.1002/asl.176}
}

@article{Nicotina2008,
    title = {{On the impact of rainfall patterns on the hydrologic response}},
    year = {2008},
    journal = {Water Resources Research},
    author = {Nic{\'{o}}tina, L and Alessi Celegon, E. and Rinaldo, A and Marani, M},
    number = {12},
    volume = {44},
    doi = {https://doi.org/10.1029/2007WR006654}
}

@article{Ghelli2009,
    title = {{On the use of the extreme dependency score to investigate the performance of an NWP model for rare events}},
    year = {2009},
    journal = {Meteorological Applications},
    author = {Ghelli, Anna and Primo, Cristina},
    number = {4},
    pages = {537--544},
    volume = {16},
    doi = {https://doi.org/10.1002/met.153}
}

@article{Alfieri2012a,
    title = {{Operational early warning systems for water-related hazards in Europe}},
    year = {2012},
    journal = {Environmental Science and Policy},
    author = {Alfieri, Lorenzo and Salamon, Peter and Pappenberger, Florian and Wetterhall, Fredrik and Thielen, Jutta},
    pages = {35--49},
    volume = {21},
    doi = {10.1016/j.envsci.2012.01.008}
}

@article{Novak2008,
    title = {{Operational forecaster uncertainty needs and future roles}},
    year = {2008},
    journal = {Weather and Forecasting},
    author = {Novak, David R and Bright, David R and Brennan, Michael J},
    number = {6},
    pages = {1069--1084},
    volume = {23},
    doi = {10.1175/2008WAF2222142.1}
}

@article{Novak2008b,
    title = {{Operational forecaster uncertainty needs and future roles}},
    year = {2008},
    journal = {Weather and Forecasting},
    author = {Novak, David R. and Bright, David R. and Brennan, Michael J.},
    number = {6},
    pages = {1069--1084},
    volume = {23},
    doi = {10.1175/2008WAF2222142.1}
}

@article{Rabuffetti2005,
    title = {{Operational hydro-meteorological warning and real-time flood forecasting: the Piemonte Region case study}},
    year = {2005},
    journal = {Hydrology and Earth System Sciences},
    author = {Rabuffetti, D. and Barbero, S.},
    number = {4},
    pages = {457--466},
    volume = {9},
    doi = {https://doi.org/10.5194/hess-9-457-2005}
}

@article{Hall1981,
    title = {{Operational Hydrology Report No.18: Flash Flood Forecasting}},
    year = {1981},
    journal = {World Meteorological Organization No.577},
    author = {Hall, A J},
    number = {577}
}

@article{Dotzek2009,
    title = {{Overview of ESSL's severe convective storms research using the European Severe Weather Database ESWD}},
    year = {2009},
    journal = {Atmospheric Research},
    author = {Dotzek, Nikolai and Groenemeijer, Pieter and Feuerstein, Bernold and Holzer, Alois M},
    number = {1-3},
    pages = {575--586},
    volume = {93},
    doi = {10.1016/j.atmosres.2008.10.020},
    issn = {01698095}
}

@article{Miran2020,
    title = {{People's thresholds of decision-making against a tornado threat using dynamic probabilistic hazard information}},
    year = {2020},
    journal = {International Journal of Disaster Risk Reduction},
    author = {Miran, Seyed M. and Ling, Chen and James, Joseph J.},
    pages = {101345},
    volume = {42},
    doi = {10.1016/j.ijdrr.2019.101345}
}

@article{Kox2015,
    title = {{Perception and use of uncertainty in severe weather warnings by emergency services in Germany}},
    year = {2015},
    journal = {Atmospheric Research},
    author = {Kox, Thomas and Gerhold, Lars and Ulbrich, Uwe},
    pages = {292--301},
    volume = {158-159},
    doi = {10.1016/j.atmosres.2014.02.024}
}

@article{Falconer2009,
    title = {{Pluvial flooding: New approaches in flood warning, mapping and risk management}},
    year = {2009},
    journal = {Journal of Flood Risk Management},
    author = {Falconer, R H and Cobby, D and Smyth, P and Astle, G and Dent, J and Golding, B},
    number = {3},
    pages = {198--208},
    volume = {2},
    doi = {https://doi.org/10.1111/j.1753-318X.2009.01034.x}
}

@article{Robertson2013,
    title = {{Post processing rainfall forecasts from numerical weather prediction models for short term streamflow forecasting}},
    year = {2013},
    journal = {Hydrology and Earth System Sciences Discussions},
    author = {Robertson, D. E. and Shrestha, D. L. and Wang, Qin Jun},
    number = {5},
    pages = {6765--6806},
    volume = {10},
    doi = {10.5194/hessd-10-6765-2013},
    issn = {1812-2116}
}

@article{Verkade2013,
    title = {{Post-processing ECMWF precipitation and temperature ensemble reforecasts for operational hydrologic forecasting at various spatial scales}},
    year = {2013},
    journal = {Journal of Hydrology},
    author = {Verkade, J S and Brown, J D and Reggiani, P and Weerts, A H},
    pages = {73--91},
    volume = {501},
    doi = {10.1016/j.jhydrol.2013.07.039},
    issn = {00221694}
}

@article{Roberts2019,
    title = {{Postprocessing and visualization techniques for convection-allowing ensembles}},
    year = {2019},
    journal = {Bulletin of the American Meteorological Society},
    author = {Roberts, Brett and Jirak, Israel L and Clark, Adam J and Weiss, Steven J and Kain, John S.},
    number = {7},
    pages = {1245--1258},
    volume = {100},
    url = {www.spc.noaa.gov},
    doi = {10.1175/BAMS-D-18-0041.1}
}

@incollection{Friederichs2018,
    title = {{Postprocessing for Extreme Events}},
    year = {2018},
    booktitle = {Statistical Postprocessing of Ensemble Forecasts},
    author = {Friederichs, Petra and Wahl, Sabrina and Buschow, Sebastian},
    pages = {127--154},
    publisher = {Elsevier},
    doi = {10.1016/b978-0-12-812372-0.00005-4}
}

@article{Wilks1995,
    title = {{Potential Economic Value of Ensemble-Based Surface Weather Forecasts}},
    year = {1995},
    journal = {Monthly Weather Review},
    author = {Wilks, Daniel S. and Hamill, Thomas M.},
    number = {12},
    month = {12},
    pages = {3565--3575},
    volume = {123},
    doi = {10.1175/1520-0493(1995)123<3565:pevoeb>2.0.co;2}
}

@incollection{Hamill2018,
    title = {{Practical Aspects of Statistical Postprocessing}},
    year = {2018},
    booktitle = {Statistical Postprocessing of Ensemble Forecasts},
    author = {Hamill, Thomas M.},
    pages = {187--217},
    publisher = {Elsevier},
    doi = {10.1016/b978-0-12-812372-0.00007-8}
}

@article{Stephens2015,
    title = {{Precipitation and floodiness}},
    year = {2015},
    journal = {Geophysical Research Letters},
    author = {Stephens, E. and Day, J. J. and Pappenberger, F. and Cloke, H.},
    number = {23},
    pages = {10316--10323},
    volume = {42},
    doi = {https://doi.org/10.1002/2015GL066779}
}

@article{Schaake2007,
    title = {{Precipitation and temperature ensemble forecasts from single-value forecasts}},
    year = {2007},
    journal = {Hydrology and Earth System Sciences Discussions},
    author = {Schaake, J. and Demargne, J. and Hartman, R. and Mullusky, M. and Welles, E. and Wu, L. and Herr, H. and Fan, X. and Seo, D. J.},
    number = {2},
    pages = {655--717},
    volume = {4},
    doi = {https://doi.org/10.5194/hessd-4-655-2007}
}

@article{Maraun2010,
    title = {{Precipitation downscaling under climate change: Recent developements to bridge the gap between dynamical models and the end user}},
    year = {2010},
    journal = {Reviews of Geophysics},
    author = {Maraun, D and Wetterhall, F and Chandler, R E and Kendon, E J and Widmann, M and Brienen, S and Rust, H W and Sauter, T and Theme{\ss}l, M and Venema, V K C and Chun, K P and Goodess, C M and Jones, R G and Onof, C and Vrac, M and Thiele-Eich, I},
    number = {3},
    volume = {48},
    doi = {https://doi.org/10.1029/2009RG000314}
}

@article{Ehrendorfer1997,
    title = {{Predicting the uncertainty of numerical weather forecasts: A review}},
    year = {1997},
    journal = {Meteorologische Zeitschrift},
    author = {Ehrendorfer, Martin},
    number = {4},
    pages = {147--183},
    volume = {6},
    doi = {10.1127/metz/6/1997/147}
}

@article{Ashrit2020,
    title = {{Prediction of the August 2018 heavy rainfall events over Kerala with high-resolution NWP models}},
    year = {2020},
    journal = {Meteorological Applications},
    author = {Ashrit, Raghavendra and Sharma, Kuldeep and Kumar, Sushant and Dube, Anumeha and Karunasagar, S. and Arulalan, T. and Mamgain, Ashu and Chakraborty, Paromita and Kumar, Sumit and Lodh, Abhishek and Dutta, Devajyoti and Momin, Imranali and Bushair, M. T. and Prakash, Buddhi J. and Jayakumar, A. and Rajagopal, E. N.},
    number = {2},
    pages = {e1906},
    volume = {27},
    publisher = {John Wiley {\&} Sons, Ltd},
    doi = {10.1002/met.1906}
}

@misc{Schroter2018,
    title = {{Preface: Natural hazard event analysis for risk reduction and adaptation}},
    year = {2018},
    booktitle = {Natural Hazards and Earth System Sciences},
    author = {Schr{\"{o}}ter, Kai and Molinari, Daniela and Kunz, Michael and Kreibich, Heidi},
    number = {3},
    pages = {963--968},
    volume = {18},
    doi = {10.5194/nhess-18-963-2018},
    issn = {16849981}
}

@article{Taylor2019,
    title = {{Preparing for doris: Exploring public responses to impact-based weather warnings in the United Kingdom}},
    year = {2019},
    journal = {Weather, Climate, and Society},
    author = {Taylor, Andrea L. and Kause, Astrid and Summers, Barbara and Harrowsmith, Melanie},
    number = {4},
    pages = {713--729},
    volume = {11},
    doi = {10.1175/WCAS-D-18-0132.1}
}

@article{Gold2020,
    title = {{Probabilistic contingency tables: An improvement to verify probability forecasts}},
    year = {2020},
    journal = {Weather and Forecasting},
    author = {Gold, Sarah and White, Edward and Roeder, William and McAleenan, Mike and Kabban, Christine Schubert and Ahner, Darryl},
    number = {2},
    pages = {609--621},
    volume = {35},
    doi = {10.1175/WAF-D-19-0116.1}
}

@article{Dale2014,
    title = {{Probabilistic flood forecasting and decision-making: An innovative risk-based approach}},
    year = {2014},
    journal = {Natural Hazards},
    author = {Dale, Murray and Wicks, Jon and Mylne, Ken and Pappenberger, Florian and Laeger, Stefan and Taylor, Steve},
    number = {1},
    pages = {159--172},
    volume = {70},
    doi = {10.1007/s11069-012-0483-z},
    issn = {0921030X}
}

@article{Gneiting2014a,
    title = {{Probabilistic Forecasting}},
    year = {2014},
    journal = {Annual Review of Statistics and Its Application},
    author = {Gneiting, Tilmann and Katzfuss, Matthias},
    number = {1},
    pages = {125--151},
    volume = {1},
    doi = {10.1146/annurev-statistics-062713-085831}
}

@article{Yussouf2020,
    title = {{Probabilistic high-impact rainfall forecasts from landfalling tropical cyclones using Warn-on-Forecast system}},
    year = {2020},
    journal = {Quarterly Journal of the Royal Meteorological Society},
    author = {Yussouf, Nusrat and Jones, Thomas A. and Skinner, Patrick S.},
    pages = {qj.3779},
    doi = {10.1002/qj.3779}
}

@article{Murphy1991,
    title = {{Probabilities, Odds, and Forecasts of Rare Events}},
    year = {1991},
    journal = {Weather and Forecasting},
    author = {Murphy, Allan H.},
    number = {2},
    pages = {302--307},
    volume = {6},
    doi = {10.1175/1520-0434(1991)006<0302:poafor>2.0.co;2}
}

@article{Joslyn2009b,
    title = {{Probability of precipitation: Assessment and enhancement of end-user understanding}},
    year = {2009},
    journal = {Bulletin of the American Meteorological Society},
    author = {Joslyn, Susan and Nadav-Greenberg, Limon and Nichols, Rebecca M},
    number = {2},
    pages = {185--193},
    volume = {90},
    doi = {10.1175/2008BAMS2509.1},
    issn = {00030007}
}

@article{Joslyn2009a,
    title = {{Probability or frequency? Expressing forecast uncertainty in public weather forecasts}},
    year = {2009},
    journal = {Meteorological Applications},
    author = {Joslyn, Susan L and Nichols, Rebecca M},
    number = {3},
    pages = {309--314},
    volume = {16},
    doi = {10.1002/met.121},
    issn = {13504827}
}

@article{BuizzaR.1998,
    title = {{Probability precipitation prediction using the ECMWF Ensemble Prediction System}},
    year = {1998},
    journal = {ECMWF Technical Memorandum},
    author = {{Buizza R.} and {Hollingsworth A.}},
    volume = {248},
    url = {https://www.ecmwf.int/sites/default/files/elibrary/1998/8445-probability-precipitation-prediction-using-ecmwf-ensemble-prediction-system.pdf}
}

@article{Ebert2013,
    title = {{Progress and challenges in forecast verification}},
    year = {2013},
    journal = {Meteorological Applications},
    author = {Ebert, E. and Wilson, L. and Weigel, A. and Mittermaier, M. and Nurmi, P. and Gill, P. and G{\"{o}}ber, M. and Joslyn, S. and Brown, B. and Fowler, T. and Watkins, A.},
    number = {2},
    pages = {130--139},
    volume = {20},
    doi = {10.1002/met.1392}
}

@article{Fundel2019,
    title = {{Promoting the use of probabilistic weather forecasts through a dialogue between scientists, developers and end-users}},
    year = {2019},
    journal = {Quarterly Journal of the Royal Meteorological Society},
    author = {Fundel, Vanessa J. and Fleischhut, Nadine and Herzog, Stefan M. and G{\"{o}}ber, Martin and Hagedorn, Renate},
    number = {S1},
    pages = {210--231},
    volume = {145},
    doi = {10.1002/qj.3482}
}

@article{Brilly2005,
    title = {{Public perception of flood risks, flood forecasting and mitigation}},
    year = {2005},
    journal = {Natural Hazards and Earth System Science},
    author = {Brilly, M and Polic, M},
    number = {3},
    pages = {345--355},
    volume = {5},
    doi = {10.5194/nhess-5-345-2005},
    issn = {1561-8633}
}

@book{Patton2002,
    title = {{Qualitative Research And Evaluation Methods}},
    year = {2002},
    author = {Patton, Michael Quinn},
    edition = {3},
    pages = {806},
    publisher = {Sage Publications}
}

@article{DeRoo2011,
    title = {{Quality control, validation and user feedback of the European Flood Alert System (EFAS)}},
    year = {2011},
    journal = {International Journal of Digital Earth},
    author = {de Roo, Ad and Thielen, Jutta and Salamon, Peter and Bogner, Konrad and Nobert, Sebastien and Cloke, Hannah and Demeritt, David and Younis, Jalal and Kalas, Milan and B{\'{o}}dis, Katalin and Muraro, Davide and Pappenberger, Florian},
    number = {SUPPL. 1},
    pages = {77--90},
    volume = {4},
    doi = {10.1080/17538947.2010.510302}
}

@article{Viglione2010a,
    title = {{Quantifying space-time dynamics of flood event types}},
    year = {2010},
    journal = {Journal of Hydrology},
    author = {Viglione, Alberto and Chirico, Giovanni Battista and Komma, Jürgen and Woods, Ross and Borga, Marco and Bl{\"{o}}schl, Günter},
    number = {1-2},
    pages = {213--229},
    volume = {394},
    doi = {https://doi.org/10.1016/j.jhydrol.2010.05.041}
}

@article{Creutin2003,
    title = {{Radar hydrology modifies the monitoring of flash-flood hazard}},
    year = {2003},
    journal = {Hydrological Processes},
    author = {Creutin, Jean Dominique and Borga, Marco},
    number = {7},
    pages = {1453--1456},
    volume = {17},
    doi = {https://doi.org/10.1002/hyp.5122}
}

@article{Zhai2018,
    title = {{Rainfall threshold determination for flash flood warning in mountainous catchments with consideration of antecedent soil moisture and rainfall pattern}},
    year = {2018},
    journal = {Natural Hazards},
    author = {Zhai, Xiaoyan and Guo, Liang and Liu, Ronghua and Zhang, Yongyong},
    number = {2},
    pages = {605--625},
    volume = {94},
    doi = {10.1007/s11069-018-3404-y}
}

@article{Montesarchio2009,
    title = {{Rainfall thresholds and flood warning: An operative case study}},
    year = {2009},
    journal = {Natural Hazards and Earth System Science},
    author = {Montesarchio, V. and Lombardo, F. and Napolitano, F.},
    number = {1},
    pages = {135--144},
    volume = {9},
    doi = {https://doi.org/10.5194/nhess-9-135-2009}
}

@incollection{Sneeringer2011,
    title = {{Ranking Flash Flood Warnings: a Better Way to Relate Threat to the Public}},
    year = {2011},
    booktitle = {Coping With Flash Floods},
    author = {Sneeringer, Patrick},
    pages = {253--256},
    publisher = {Springer Netherlands},
    doi = {https://doi.org/10.1007/978-94-010-0918-8{\_}24}
}

@article{Ritter2020,
    title = {{ReAFFIRM: Real-time Assessment of Flash Flood Impacts – a Regional high-resolution Method}},
    year = {2020},
    journal = {Environment International},
    author = {Ritter, Josias and Berenguer, Marc and Corral, Carles and Park, Shinju and Sempere-Torres, Daniel},
    volume = {136},
    doi = {10.1016/j.envint.2019.105375}
}

@article{Acosta-Coll2018a,
    title = {{Real-time early warning system design for pluvial flash floods. A review.}},
    year = {2018},
    journal = {Sensors (Switzerland)},
    author = {Acosta-Coll, Melisa and Ballester-Merelo, Francisco and Martinez-Peir{\'{o}}, Marcos and De la Hoz-Franco, Emiro},
    number = {7},
    volume = {18},
    doi = {10.3390/s18072255}
}

@misc{Werner2009,
    title = {{Recent developments in operational flood forecasting in England, Wales and Scotland}},
    year = {2009},
    booktitle = {Meteorological Applications},
    author = {Werner, Micha and Cranston, Michael and Harrison, Tim and Whitfield, Doug and Schellekens, Jaap},
    number = {1},
    pages = {13--22},
    volume = {16},
    doi = {https://doi.org/10.1002/met.124}
}

@article{Demuth2020,
    title = {{Recommendations for developing useful and usable convection-allowing model ensemble information for NWS forecasters}},
    year = {2020},
    journal = {Weather and Forecasting},
    author = {Demuth, Julie L. and Morss, Rebecca E. and Jankov, Isidora and Alcott, Trevor I. and Alexander, Curtis R. and Nietfeld, Daniel and Jensen, Tara L. and Novak, David R. and Benjamin, Stanley G.},
    doi = {10.1175/waf-d-19-0108.1}
}

@article{Joslyn2011,
    title = {{Reducing Probabilistic Weather Forecasts to the Worst-Case Scenario: Anchoring Effects}},
    year = {2011},
    journal = {Journal of Experimental Psychology: Applied},
    author = {Joslyn, Susan and Savelli, Sonia and Nadav-Greenberg, Limor},
    number = {4},
    pages = {342--353},
    volume = {17},
    doi = {10.1037/a0025901},
    issn = {1076898X}
}

@article{Lumbroso2012,
    title = {{Reducing the uncertainty in indirect estimates of extreme flash flood discharges}},
    year = {2012},
    journal = {Journal of Hydrology},
    author = {Lumbroso, Darren and Gaume, Eric},
    pages = {16--30},
    volume = {414-415},
    doi = {https://doi.org/10.1016/j.jhydrol.2011.08.048}
}

@article{Gourley2010,
    title = {{Remote collection and analysis of witness reports on flash floods}},
    year = {2010},
    journal = {Journal of Hydrology},
    author = {Gourley, J J and Erlingis, J M and Smith, T M and Ortega, K L and Hong, Y},
    number = {1-2},
    pages = {53--62},
    volume = {394},
    doi = {10.1016/j.jhydrol.2010.05.042},
    issn = {00221694}
}

@article{Murphy1985a,
    title = {{Repetitive Decision Making and the Value of Forecasts in the Cost‐Loss Ratio Situation: A Dynamic Model}},
    year = {1985},
    journal = {Monthly Weather Review},
    author = {Murphy, Allan H. and Katz, Richard W. and Winkler, Robert L. and Hsu, Wu-Ron},
    number = {5},
    pages = {801--813},
    volume = {113},
    doi = {10.1175/1520-0493(1985)113<0801:rdmatv>2.0.co;2},
    issn = {0027-0644}
}

@incollection{Lanza2011,
    title = {{Resonance Of Scales As A Condition For Flash Floods On A Regional Domain}},
    year = {2011},
    booktitle = {Coping With Flash Floods},
    author = {Lanza, Luca G},
    pages = {195--202},
    publisher = {Springer Netherlands},
    doi = {https://doi.org/10.1007/978-94-010-0918-8{\_}19}
}

@article{Moya-Alvarez2019,
    title = {{Response of the WRF model to different resolutions in the rainfall forecast over the complex Peruvian orography}},
    year = {2019},
    journal = {Theoretical and Applied Climatology},
    author = {Moya-{\'{A}}lvarez, Aldo S. and Mart{\'{i}}nez-Castro, Daniel and Kumar, Shailendra and Estevan, René and Silva, Yamina},
    number = {3-4},
    pages = {2993--3007},
    volume = {137},
    doi = {10.1007/s00704-019-02782-3}
}

@article{McCarthy2007,
    title = {{Risk communication in emergency response to a simulated extreme flood}},
    year = {2007},
    journal = {Environmental Hazards},
    author = {McCarthy, Simon and Tunstall, Sylvia and Parker, Dennis and Faulkner, Hazel and Howe, Joe},
    number = {3},
    pages = {179--192},
    volume = {7},
    doi = {10.1016/j.envhaz.2007.06.003}
}

@incollection{Siudak2011,
    title = {{Role of Education in Reducing Flash Flood Effects}},
    year = {2011},
    booktitle = {Coping With Flash Floods},
    author = {Siudak, Malgorzata},
    pages = {15--18},
    publisher = {Springer Netherlands},
    doi = {https://doi.org/10.1007/978-94-010-0918-8{\_}3}
}

@article{Bloschl1995,
    title = {{Scale issues in hydrological modelling: A review}},
    year = {1995},
    journal = {Hydrological Processes},
    author = {Bloschl, G and Sivapalan, M},
    number = {3-4},
    pages = {251--290},
    volume = {9},
    doi = {https://doi.org/10.1002/hyp.3360090305}
}

@article{Roberts2008a,
    title = {{Scale-Selective Verification of Rainfall Accumulations from High-Resolution Forecasts of Convective Events}},
    year = {2008},
    journal = {Monthly Weather Review},
    author = {Roberts, Nigel M. and Lean, Humphrey W.},
    number = {1},
    pages = {78--97},
    volume = {136},
    doi = {https://doi.org/10.1175/2007MWR2123.1}
}

@misc{Yano2018,
    title = {{Scientific challenges of convective-scale numerical weather prediction}},
    year = {2018},
    booktitle = {Bulletin of the American Meteorological Society},
    author = {Yano, Jun Ich I. and Ziemian´ski, MIchał Z. and Cullen, MIke and Termonia, PIet and Onvlee, Jeanette and Bengtsson, Lisa and Carrassi, Alberto and Davy, Richard and Deluca, Anna and Gray, Suzanne L. and Homar, Víctor and K{\"{o}}hler, Mart In and Krichak, Simon and Michaelides, Silas and Phillips, Vaughan T.J. and Soares, Pedro M.M. and Wyszogrodzki, Andrzej A.},
    number = {4},
    pages = {699--710},
    volume = {99},
    doi = {10.1175/BAMS-D-17-0125.1}
}

@techreport{UNISDR2015,
    title = {{Sendai Framework for Disaster Risk Reduction 2015 - 2030}},
    year = {2015},
    author = {{UNISDR}},
    url = {https://www.preventionweb.net/files/43291_sendaiframeworkfordrren.pdf},
    address = {Geneva, Switzerland}
}

@article{MateoLazaro2014,
    title = {{Sensitivity analysis of main variables present in flash flood processes. Application in two Spanish catchments: Ar{\'{a}}s and Aguil{\'{o}}n}},
    year = {2014},
    journal = {Environmental Earth Sciences},
    author = {Mateo L{\'{a}}zaro, Jesús and S{\'{a}}nchez Navarro, José Ángel and Garc{\'{i}}a Gil, Alejandro and Edo Romero, Vanesa},
    number = {6},
    pages = {2925--2939},
    volume = {71},
    doi = {10.1007/s12665-013-2668-5}
}

@article{Marty2013,
    title = {{Sensitivity of hydrological ensemble forecasts to different sources and temporal resolutions of probabilistic quantitative precipitation forecasts: Flash flood case studies in the C??vennes-Vivarais region (Southern France)}},
    year = {2013},
    journal = {Hydrological Processes},
    author = {Marty, R and Zin, I and Obled, Ch},
    number = {1},
    pages = {33--44},
    volume = {27},
    doi = {https://doi.org/10.1002/hyp.9543}
}

@article{Anquetin2010,
    title = {{Sensitivity of the hydrological response to the variability of rainfall fields and soils for the Gard 2002 flash-flood event}},
    year = {2010},
    journal = {Journal of Hydrology},
    author = {Anquetin, Sandrine and Braud, Isabelle and Vannier, Olivier and Viallet, Pierre and Boudevillain, Brice and Creutin, Jean Dominique and Manus, Claire},
    number = {1-2},
    pages = {134--147},
    volume = {394},
    doi = {10.1016/j.jhydrol.2010.07.002}
}

@inproceedings{Javelle2016,
    title = {{Setting up a French national flash flood warning system for ungauged catchments based on the AIGA method}},
    year = {2016},
    booktitle = {E3S Web of Conferences},
    author = {Javelle, Pierre and Organde, Didier and Demargne, Julie and Saint-Martin, Clotilde and De Saint-Aubin, Céline and Garandeau, Leá and Janet, Bruno},
    pages = {718010--18010},
    volume = {7},
    doi = {10.1051/e3sconf/20160718010},
    issn = {22671242}
}

@article{Richardson2000,
    title = {{Skill and relative economic value of the ECMWF ensemble prediction system}},
    year = {2000},
    journal = {Quarterly Journal of the Royal Meteorological Society},
    author = {Richardson, D. S.},
    number = {563},
    pages = {649--667},
    volume = {126},
    doi = {https://doi.org/10.1002/qj.49712656313}
}

@article{Vogel2018,
    title = {{Skill of global raw and postprocessed ensemble predictions of rainfall over Northern Tropical Africa}},
    year = {2018},
    journal = {Weather and Forecasting},
    author = {Vogel, Peter and Knippertz, Peter and Fink, Andreas H. and Schlueter, Andreas and Gneiting, Tilmann},
    number = {2},
    pages = {369--388},
    volume = {33},
    doi = {10.1175/WAF-D-17-0127.1}
}

@article{Ruin2014,
    title = {{Social and hydrological responses to extreme precipitations: An interdisciplinary strategy for postflood investigation}},
    year = {2014},
    journal = {Weather, Climate, and Society},
    author = {Ruin, Isabelle and Lutoff, Céline and Boudevillain, Brice and Creutin, Jean Dominique and Anquetin, S and Bertran Rojo, M. and Boissier, L and Bonnifait, L. and Borga, M and Colbeau-Justin, L. and Creton-Cazanave, L and Delrieu, G and Douvinet, J and Gaume, E and Gruntfest, E and Naulin, J. P. and Payrastre, O and Vannier, O.},
    number = {1},
    pages = {135--153},
    volume = {6},
    doi = {10.1175/WCAS-D-13-00009.1}
}

@article{Zahran2008,
    title = {{Social vulnerability and the natural and built environment: A model of flood casualties in Texas}},
    year = {2008},
    journal = {Disasters},
    author = {Zahran, Sammy and Brody, Samuel D. and Peacock, Walter Gillis and Vedlitz, Arnold and Grover, Himanshu},
    number = {4},
    pages = {537--560},
    volume = {32},
    doi = {https://doi.org/10.1111/j.1467-7717.2008.01054.x}
}

@article{Cutter2003,
    title = {{Social vulnerability to environmental hazards}},
    year = {2003},
    journal = {Social Science Quarterly},
    author = {Cutter, Susan L and Boruff, Bryan J and Shirley, W Lynn},
    number = {2},
    pages = {242--261},
    volume = {84},
    doi = {10.1111/1540-6237.8402002},
    issn = {00384941}
}

@article{Baran2020,
    title = {{Statistical post-processing of heat index ensemble forecasts: is there a royal road?}},
    year = {2020},
    journal = {Quarterly Journal of the Royal Meteorological Society},
    author = {Baran, Sándor and Baran, Ágnes and Pappenberger, Florian and Bouall{\`{e}}gue, Zied Ben},
    doi = {10.1002/qj.3853}
}

@article{Vannitsem2020,
    title = {{Statistical Postprocessing for Weather Forecasts – Review , Challenges and Avenues in a Big Data World}},
    year = {2020},
    journal = {Pre-print},
    author = {Vannitsem, Stéphane and Bremnes, John Bjørnar and Demaeyer, Jonathan and Evans, Gavin R. and Flowerdew, Jonathan and Hemri, Stephan and Lerch, Sebastian and Roberts, Nigel and Theis, Susanne and Atencia, Aitor and Bouall{\`{e}}gue, Zied Ben and Bhend, Jonas and Dabernig, Markus and De Cruz, Lesley and Hieta, Leila and Mestre, Olivier and Moret, Lionel and Plenkovi{\'{c}}, Iris Odak and Schmeits, Maurice and Taillardat, Maxime and Van den Bergh, Joris and Van Schaeybroeck, Bert and Whan, Kirien and Ylhaisi, Jussi},
    arxivId = {arXiv:2004.06582}
}

@article{=b,
    title = {{Statistical Postprocessing of Ensemble Precipitation Forecasts by Fitting Censored, Shifted Gamma Distributions*}},
    year = {2015},
    journal = {Monthly Weather Review},
    author = {Scheuerer, Michael and Hamill, Thomas M},
    number = {11},
    pages = {4578--4596},
    volume = {143},
    doi = {https://doi.org/10.1175/MWR-D-15-0061.1}
}

@article{Zalachori2012a,
    title = {{Statistical processing of forecasts for hydrological ensemble prediction: a comparative study of different bias correction strategies}},
    year = {2012},
    journal = {Science {\&} Research},
    author = {Zalachori, I and Ramos, M H and Gar{\c{c}}on, R and Mathevet, T and Gailhard, J and Ramos, M.-H},
    pages = {2011},
    volume = {8},
    url = {www.adv-sci-res.net/8/135/2012/},
    doi = {10.5194/asr-8-135-2012{\"{i}}},
    keywords = {()}
}

@article{Zalachori2012,
    title = {{Statistical processing of forecasts for hydrological ensemble prediction: a comparative study of different bias correction strategies}},
    year = {2012},
    journal = {Advances in Science and Research},
    author = {Zalachori, I. and Ramos, M.-H. and Gar{\c{c}}on, R. and Mathevet, T. and Gailhard, J.},
    number = {1},
    month = {7},
    pages = {135--141},
    volume = {8},
    publisher = {Copernicus GmbH},
    url = {https://www.adv-sci-res.net/8/135/2012/},
    doi = {10.5194/asr-8-135-2012},
    issn = {1992-0636},
    keywords = {BIAS CORRECTION, ENSEMBLE PREDICTION, FLOW FORECASTING, MODELE STATISTIQUE, PREVISION DE DEBIT, PREVISION HYDROLOGIQUE, PREVISION METEOROLOGIQUE}
}

@misc{NOAA2019,
    title = {{Storm Events Database}},
    year = {2019},
    author = {{NOAA}},
    url = {https://www.ncdc.noaa.gov/stormevents/}
}

@article{Zappa2011a,
    title = {{Superposition of three sources of uncertainties in operational flood forecasting chains}},
    year = {2011},
    journal = {Atmospheric Research},
    author = {Zappa, Massimiliano and Jaun, Simon and Germann, Urs and Walser, André and Fundel, Felix},
    number = {2-3},
    pages = {246--262},
    volume = {100},
    doi = {https://doi.org/10.1016/j.atmosres.2010.12.005}
}

@article{Zappa2011,
    title = {{Superposition of three sources of uncertainties in operational flood forecasting chains}},
    year = {2011},
    journal = {Atmospheric Research},
    author = {Zappa, Massimiliano and Jaun, Simon and Germann, Urs and Walser, André and Fundel, Felix},
    number = {2-3},
    month = {5},
    pages = {246--262},
    volume = {100},
    publisher = {Elsevier},
    doi = {10.1016/j.atmosres.2010.12.005},
    issn = {01698095},
    keywords = {Atmospheric EPS, COST 731, Flood forecasting, MAP D-PHASE, Model uncertainty, PREVAH, Uncertainty superposition, Weather radar ensemble}
}

@article{Calianno2013,
    title = {{Supplementing flash flood reports with impact classifications}},
    year = {2013},
    journal = {Journal of Hydrology},
    author = {Calianno, Martin and Ruin, Isabelle and Gourley, Jonathan J},
    pages = {1--16},
    volume = {477},
    doi = {10.1016/j.jhydrol.2012.09.036},
    issn = {00221694}
}

@article{Borga2008,
    title = {{Surveying flash floods: Gauging the ungauged extremes}},
    year = {2008},
    journal = {Hydrological Processes},
    author = {Borga, Marco and Gaume, Eric and Creutin, Jean Dominique and Marchi, Lorenzo},
    number = {18},
    pages = {3883--3885},
    volume = {22},
    doi = {https://doi.org/10.1002/hyp.7111}
}

@misc{Maddox1979,
    title = {{Synoptic and Meso-{$\alpha$} Scale Aspects of Flash Flood Events}},
    year = {1979},
    booktitle = {Bulletin of the American Meteorological Society},
    author = {Maddox, R. A. and Chappell, C. F. and Hoxit, L. R.},
    number = {2},
    pages = {115--123},
    volume = {60},
    doi = {https://doi.org/10.1175/1520-0477-60.2.115}
}

@article{Kauffeldt2016,
    title = {{Technical review of large-scale hydrological models for implementation in operational flood forecasting schemes on continental level}},
    year = {2016},
    journal = {Environmental Modelling and Software},
    author = {Kauffeldt, A. and Wetterhall, F. and Pappenberger, F. and Salamon, P. and Thielen, J.},
    pages = {68--76},
    volume = {75},
    doi = {https://doi.org/10.1016/j.envsoft.2015.09.009}
}

@article{Cutter2008,
    title = {{Temporal and spatial changes in social vulnerability to natural hazards}},
    year = {2008},
    journal = {Proceedings of the National Academy of Sciences of the United States of America},
    author = {Cutter, Susan L. and Finch, Christina},
    number = {7},
    pages = {2301--2306},
    volume = {105},
    doi = {10.1073/pnas.0710375105}
}

@article{IPCC2014,
    title = {{The 5th Assessment Report (AR5) - Climate Change 2014: Impacts, Adaptation, and Vulnerability}},
    year = {2014},
    journal = {United Nations Intergovernmental Panel on Climate Change (IPCC)},
    author = {{IPCC}},
    url = {https://www.ipcc.ch/report/ar5/wg3/}
}

@article{Zorita1999,
    title = {{The analog method as a simple statistical downscaling technique: Comparison with more complicated methods}},
    year = {1999},
    journal = {Journal of Climate},
    author = {Zorita, Eduardo and Von Storch, Hans},
    number = {8},
    pages = {2474--2489},
    volume = {12},
    doi = {https://doi.org/10.1175/1520-0442(1999)012<2474:TAMAAS>2.0.CO;2}
}

@phdthesis{Arnal2019,
    title = {{The Art of Streamflow Forecasting over Europe}},
    year = {2019},
    author = {Arnal, Louise},
    school = {University of Reading}
}

@article{Joslyn2013a,
    title = {{The benefits and challenges of predictive interval forecasts and verification graphics for end users}},
    year = {2013},
    journal = {Weather, Climate, and Society},
    author = {Joslyn, Susan and Nemec, Lou and Savelli, Sonia},
    number = {2},
    pages = {133--147},
    volume = {5},
    doi = {10.1175/WCAS-D-12-00007.1},
    issn = {19488327}
}

@article{Krzysztofowicz2001,
    title = {{The case for probabilistic forecasting in hydrology}},
    year = {2001},
    journal = {Journal of Hydrology},
    author = {Krzysztofowicz, Roman},
    number = {1-4},
    pages = {2--9},
    volume = {249},
    doi = {10.1016/s0022-1694(01)00420-6}
}

@article{LeBihan2017,
    title = {{The challenge of forecasting impacts of flash floods: Test of a simplified hydraulic approach and validation based on insurance claim data}},
    year = {2017},
    journal = {Hydrology and Earth System Sciences},
    author = {Le Bihan, Guillaume and Payrastre, Olivier and Gaume, Eric and Moncoulon, David and Pons, Frédéric},
    number = {11},
    pages = {5911--5928},
    volume = {21},
    doi = {10.5194/hess-21-5911-2017}
}

@incollection{Braud2018,
    title = {{The Challenges of Flash Flood Forecasting}},
    year = {2018},
    booktitle = {Mobilities Facing Hydrometeorological Extreme Events 1},
    author = {Braud, Isabelle and Vincendon, Béatrice and Anquetin, Sandrine and Ducrocq, Véronique and Creutin, Jean-Dominique},
    chapter = {3},
    pages = {63--88},
    publisher = {Elsevier},
    doi = {10.1016/B978-1-78548-289-2.50003-3}
}

@article{Modrick2015,
    title = {{The character and causes of flash flood occurrence changes in mountainous small basins of Southern California under projected climatic change}},
    year = {2015},
    journal = {Journal of Hydrology: Regional Studies},
    author = {Modrick, Theresa M. and Georgakakos, Konstantine P.},
    pages = {312--336},
    volume = {3},
    doi = {https://doi.org/10.1016/j.ejrh.2015.02.003}
}

@article{Marsigli2005,
    title = {{The COSMO-LEPS mesoscale ensemble system: validation of the methodology and verification}},
    year = {2005},
    journal = {Nonlinear Processes in Geophysics},
    author = {Marsigli, C and Boccanera, F and Montani, A and Paccagnella, T},
    number = {4},
    pages = {527--536},
    volume = {12},
    doi = {10.5194/npg-12-527-2005},
    issn = {1023-5809}
}

@article{LeClerc2015,
    title = {{The cry wolf effect and weather-related decision making}},
    year = {2015},
    journal = {Risk Analysis},
    author = {LeClerc, Jared and Joslyn, Susan},
    number = {3},
    pages = {385--395},
    volume = {35},
    doi = {10.1111/risa.12336},
    issn = {15396924}
}

@article{Schroeder2016,
    title = {{The development of a flash flood severity index}},
    year = {2016},
    journal = {Journal of Hydrology},
    author = {Schroeder, Amanda J and Gourley, Jonathan J and Hardy, Jill and Henderson, Jen J and Parhi, Pradipta and Rahmani, Vahid and Reed, Kimberly A and Schumacher, Russ S and Smith, Brianne K and Taraldsen, Matthew J},
    pages = {523--532},
    volume = {541},
    doi = {10.1016/j.jhydrol.2016.04.005},
    issn = {00221694}
}

@article{VanderLinden2017,
    title = {{The dynamics of an extreme precipitation event in northeastern Vietnam in 2015 and its predictability in the ECMWF ensemble prediction system}},
    year = {2017},
    journal = {Weather and Forecasting},
    author = {van der Linden, Roderick and Fink, Andreas H. and Pinto, Joaquim G. and Phan-Van, Tan},
    number = {3},
    pages = {1041--1056},
    volume = {32},
    doi = {10.1175/WAF-D-16-0142.1}
}

@article{Palmer2019,
    title = {{The ECMWF ensemble prediction system: Looking back (more than) 25 years and projecting forward 25 years}},
    year = {2019},
    journal = {Quarterly Journal of the Royal Meteorological Society},
    author = {Palmer, Tim},
    number = {S1},
    pages = {12--24},
    volume = {145},
    doi = {10.1002/qj.3383}
}

@article{Palmer2002,
    title = {{The economic value of ensemble forecasts as a tool for risk assessment: From days to decades}},
    year = {2002},
    journal = {Quarterly Journal of the Royal Meteorological Society},
    author = {Palmer, T. N.},
    number = {581},
    pages = {747--774},
    volume = {128},
    doi = {10.1256/0035900021643593}
}

@article{Zhu2002,
    title = {{The economic value of ensemble-based weather forecasts}},
    year = {2002},
    journal = {Bulletin of the American Meteorological Society},
    author = {Zhu, Yuejian and Toth, Zoltan and Wobus, Richard and Richardson, David and Mylne, Kenneth},
    number = {1},
    pages = {73--84},
    volume = {83},
    doi = {https://doi.org/10.1175/1520-0477(2002)083<0073:TEVOEB>2.3.CO;2}
}

@incollection{Skias,
    title = {{The Effectiveness of Engineering Geology in Coping with Flash Floods: A Systems Approach}},
    year = {2011},
    booktitle = {Coping With Flash Floods},
    author = {Skias, Stylianos G.},
    pages = {115--122},
    publisher = {Springer Netherlands},
    doi = {https://doi.org/10.1007/978-94-010-0918-8{\_}13}
}

@article{Hurford2012,
    title = {{The effectiveness of extreme rainfall alerts in predicting surface water flooding in England and Wales}},
    year = {2012},
    journal = {International Journal of Climatology},
    author = {Hurford, A. P. and Priest, S. J. and Parker, D. J. and Lumbroso, D. M.},
    number = {11},
    pages = {1768--1774},
    volume = {32},
    doi = {https://doi.org/10.1002/joc.2391}
}

@article{Joslyn2009,
    title = {{The effects of wording on the understanding and use of uncertainty information in a threshold forecasting decision}},
    year = {2009},
    journal = {Applied Cognitive Psychology},
    author = {Joslyn, Susan L and Nadav-Greenberg, Limor and Taing, Meng U and Nichols, Rebecca M},
    number = {1},
    pages = {55--72},
    volume = {23},
    doi = {10.1002/acp.1449},
    issn = {08884080}
}

@article{Demeritt2013,
    title = {{The European Flood Alert System and the communication, perception, and use of ensemble predictions for operational flood risk management}},
    year = {2013},
    journal = {Hydrological Processes},
    author = {Demeritt, David and Nobert, Sebastien and Cloke, Hannah L and Pappenberger, Florian},
    number = {1},
    pages = {147--157},
    volume = {27},
    doi = {https://doi.org/10.1002/hyp.9419}
}

@inproceedings{Stephenson2008,
    title = {{The extreme dependency score: A non-vanishing measure for forecasts of rare events}},
    year = {2008},
    booktitle = {Meteorological Applications},
    author = {Stephenson, D B and Casati, B and Ferro, C. A.T. and Wilson, C A},
    number = {1},
    pages = {41--50},
    volume = {15},
    doi = {https://doi.org/10.1002/met.53}
}

@article{Gourley2017,
    title = {{The FLASH Project - Improving the Tools for Flash Flood Monitoring and Prediction across the United States}},
    year = {2017},
    journal = {Bulletin of the American Meteorological Society},
    author = {Gourley, Jonathan J and Flamig, Zachary L and Vergara, Humberto and Kirstetter, Pierre Emmanuel and Clark, Robert A. and Argyle, Elizabeth and Arthur, Ami and Martinaitis, Steven and Terti, Galateia and Erlingis, Jessica M and Hong, Yang and Howard, Kenneth W},
    number = {2},
    pages = {361--372},
    volume = {98},
    doi = {https://doi.org/10.1175/BAMS-D-15-00247.1}
}

@article{Buizza2015,
    title = {{The forecast skill horizon}},
    year = {2015},
    journal = {Quarterly Journal of the Royal Meteorological Society},
    author = {Buizza, Roberto and Leutbecher, Martin},
    number = {693},
    pages = {3366--3382},
    volume = {141},
    doi = {10.1002/qj.2619}
}

@article{Prein2017,
    title = {{The future intensification of hourly precipitation extremes}},
    year = {2017},
    journal = {Nature Climate Change},
    author = {Prein, Andreas F and Rasmussen, Roy M and Ikeda, Kyoko and Liu, Changhai and Clark, Martyn P and Holland, Greg J},
    number = {1},
    pages = {48--52},
    volume = {7},
    doi = {10.1038/nclimate3168},
    issn = {17586798}
}

@article{Kuhnlein2014,
    title = {{The impact of downscaled initial condition perturbations on convective-scale ensemble forecasts of precipitation}},
    year = {2014},
    journal = {Quarterly Journal of the Royal Meteorological Society},
    author = {K{\"{u}}hnlein, C. and Keil, C. and Craig, G. C. and Gebhardt, C.},
    number = {682},
    pages = {1552--1562},
    volume = {140},
    url = {http://doi.wiley.com/10.1002/qj.2238},
    doi = {10.1002/qj.2238}
}

@article{Murphy1988,
    title = {{The impact of ensemble forecasts on predictability}},
    year = {1988},
    journal = {Quarterly Journal of the Royal Meteorological Society},
    author = {Murphy, J. M.},
    number = {480},
    pages = {463--493},
    volume = {114},
    doi = {10.1002/qj.49711448010}
}

@article{Baugh2020,
    title = {{The Impact of SMOS Soil Moisture Data Assimilation within the Operational Global Flood Awareness System (GloFAS)}},
    year = {2020},
    journal = {Remote Sensing},
    author = {Baugh, Calum and de Rosnay, Patricia and Lawrence, Heather and Jurlina, Toni and Drusch, Matthias and Zsoter, Ervin and Prudhomme, Christel},
    number = {9},
    pages = {1490},
    volume = {12},
    doi = {10.3390/rs12091490}
}

@article{Pappenberger2011,
    title = {{The impact of weather forecast improvements on large scale hydrology: Analysing a decade of forecasts of the European Flood Alert System}},
    year = {2011},
    journal = {Hydrological Processes},
    author = {Pappenberger, Florian and Thielen, Jutta and Del Medico, Mauro},
    number = {7},
    pages = {1091--1113},
    volume = {25},
    doi = {https://doi.org/10.1002/hyp.7772}
}

@incollection{Brilly2011,
    title = {{The Integrated Approach to Flash Flood Management}},
    year = {2011},
    booktitle = {Coping With Flash Floods},
    author = {Brilly, Mitja},
    pages = {103--113},
    publisher = {Springer Netherlands},
    doi = {https://doi.org/10.1007/978-94-010-0918-8{\_}12}
}

@article{Goodwin2010,
    title = {{The limits of forecasting methods in anticipating rare events}},
    year = {2010},
    journal = {Technological Forecasting and Social Change},
    author = {Goodwin, Paul and Wright, George},
    number = {3},
    pages = {355--368},
    volume = {77},
    doi = {10.1016/j.techfore.2009.10.008}
}

@misc{Pillosu2020,
    title = {{The Merged Global Pluvial Flood Database}},
    year = {2020},
    author = {Pillosu, Fatima}
}

@article{Scolobig2012,
    title = {{The missing link between flood risk awareness and preparedness: Findings from case studies in an Alpine Region}},
    year = {2012},
    journal = {Natural Hazards},
    author = {Scolobig, Anna and De Marchi, B and Borga, M},
    number = {2},
    pages = {499--520},
    volume = {63},
    doi = {10.1007/s11069-012-0161-1}
}

@article{Bowler2008,
    title = {{The MOGREPS short-range ensemble prediction system}},
    year = {2008},
    journal = {Quarterly Journal of the Royal Meteorological Society},
    author = {Bowler, Neill E. and Arribas, Alberto and Mylne, Kenneth R. and Robertson, Kelvyn B. and Beare, Sarah E.},
    number = {632},
    pages = {703--722},
    volume = {134},
    doi = {https://doi.org/10.1002/qj.234}
}

@article{Tak2014,
    title = {{The perception of visual uncertainty representation by non-experts}},
    year = {2014},
    journal = {IEEE Transactions on Visualization and Computer Graphics},
    author = {Tak, Susanne and Toet, Alexander and Van Erp, Jan},
    number = {6},
    pages = {935--943},
    volume = {20},
    doi = {10.1109/TVCG.2013.247}
}

@article{Palmer2017,
    title = {{The primacy of doubt: Evolution of numerical weather prediction from determinism to probability}},
    year = {2017},
    journal = {Journal of Advances in Modeling Earth Systems},
    author = {Palmer, Tim},
    number = {2},
    pages = {730--734},
    volume = {9},
    doi = {10.1002/2017MS000999}
}

@article{Bauer2015,
    title = {{The quiet revolution of numerical weather prediction}},
    year = {2015},
    journal = {Nature},
    author = {Bauer, Peter and Thorpe, Alan and Brunet, Gilbert},
    number = {7567},
    pages = {47--55},
    volume = {525},
    doi = {10.1038/nature14956}
}

@article{Cortes2018,
    title = {{The relationship between precipitation and insurance data for floods in a Mediterranean region (northeast Spain)}},
    year = {2018},
    journal = {Natural Hazards and Earth System Sciences},
    author = {Cort{\`{e}}s, Maria and Turco, Marco and Llasat-Botija, Montserrat and Carmen Llasat, Maria},
    number = {3},
    pages = {857--868},
    volume = {18},
    doi = {10.5194/nhess-18-857-2018},
    issn = {16849981}
}

@article{Berghuijs2019,
    title = {{The Relative Importance of Different Flood-Generating Mechanisms Across Europe}},
    year = {2019},
    journal = {Water Resources Research},
    author = {Berghuijs, Wouter R. and Harrigan, Shaun and Molnar, Peter and Slater, Louise J. and Kirchner, James W.},
    number = {6},
    pages = {4582--4593},
    volume = {55},
    doi = {10.1029/2019WR024841}
}

@article{Onkal2009,
    title = {{The relative influence of advice from human experts and statistical methods on forecast adjustments}},
    year = {2009},
    journal = {Journal of Behavioral Decision Making},
    author = {{\"{O}}nkal, Dilek and Goodwin, Paul and Thomson, Mary and G{\"{o}}n{\"{u}}l, Sinan and Pollock, Andrew},
    number = {4},
    pages = {390--409},
    volume = {22},
    doi = {10.1002/bdm.637}
}

@article{Clark2004,
    title = {{The Schaake Shuffle: A Method for Reconstructing Space–Time Variability in Forecasted Precipitation and Temperature Fields}},
    year = {2004},
    journal = {Journal of Hydrometeorology},
    author = {Clark, Martyn and Gangopadhyay, Subhrendu and Hay, Lauren and Rajagopalan, Balaji and Wilby, Robert},
    number = {1},
    pages = {243--262},
    volume = {5},
    doi = {https://doi.org/10.1175/1525-7541(2004)005<0243:TSSAMF>2.0.CO;2}
}

@article{Atger1999,
    title = {{The skill of ensemble prediction systems}},
    year = {1999},
    journal = {Monthly Weather Review},
    author = {Atger, Frédéric},
    number = {9},
    pages = {1941--1953},
    volume = {127},
    doi = {10.1175/1520-0493(1999)127<1941:TSOEPS>2.0.CO;2},
    issn = {00270644}
}

@article{Hamill2017,
    title = {{The U.S. National Blend of Models for Statistical Postprocessing of Probability of Precipitation and Deterministic Precipitation Amount}},
    year = {2017},
    journal = {Monthly Weather Review},
    author = {Hamill, Thomas M. and Engle, Eric and Myrick, David and Peroutka, Matthew and Finan, Christina and Scheuerer, Michael},
    number = {9},
    pages = {3441--3463},
    volume = {145},
    doi = {https://doi.org/10.1175/MWR-D-16-0331.1}
}

@article{Ferraris2002,
    title = {{The Uncertainty in the Prediction of Flash Floods in the Northern Mediterranean Environment}},
    year = {2002},
    journal = {Journal of Hydrometeorology},
    author = {Ferraris, Luca and Rudari, Roberto and Siccardi, Franco},
    number = {6},
    pages = {714--727},
    volume = {3},
    doi = {https://doi.org/10.1175/1525-7541(2002)003<0714:TUITPO>2.0.CO;2}
}

@article{Braud2010,
    title = {{The use of distributed hydrological models for the Gard 2002 flash flood event: Analysis of associated hydrological processes}},
    year = {2010},
    journal = {Journal of Hydrology},
    author = {Braud, Isabelle and Roux, Hélène and Anquetin, Sandrine and Maubourguet, Marie Madeleine and Manus, Claire and Viallet, Pierre and Dartus, Denis},
    number = {1-2},
    pages = {162--181},
    volume = {394},
    doi = {https://doi.org/10.1016/j.jhydrol.2010.03.033}
}

@article{Toth2001,
    title = {{The use of ensembles to identify forecasts with small and large uncertainty}},
    year = {2001},
    journal = {Weather and Forecasting},
    author = {Toth, Zoltan and Zhu, Yuejian and Marchok, Timothy},
    number = {4},
    pages = {463--477},
    volume = {16},
    doi = {10.1175/1520-0434(2001)016<0463:TUOETI>2.0.CO;2},
    issn = {08828156}
}

@article{Schellekens2011,
    title = {{The use of MOGREPS ensemble rainfall forecasts in operational flood forecasting systems across England and Wales}},
    year = {2011},
    journal = {Advances in Geosciences},
    author = {Schellekens, J and Weerts, A H and Moore, R J and Pierce, C E and Hildon, S},
    pages = {77--84},
    volume = {29},
    doi = {10.5194/adgeo-29-77-2011}
}

@article{Weisman2000,
    title = {{The Use of Vertical Wind Shear versus Helicity in Interpreting Supercell Dynamics}},
    year = {2000},
    journal = {Journal of the Atmospheric Sciences},
    author = {Weisman, Morris L. and Rotunno, Richard},
    number = {9},
    pages = {1452--1472},
    volume = {57},
    doi = {https://doi.org/10.1175/1520-0469(2000)057<1452:TUOVWS>2.0.CO;2}
}

@article{Buizza2008,
    title = {{The value of probabilistic prediction}},
    year = {2008},
    journal = {Atmospheric Science Letters},
    author = {Buizza, Roberto},
    number = {2},
    pages = {36--42},
    volume = {9},
    doi = {10.1002/asl.170}
}

@article{Powers2017,
    title = {{The weather research and forecasting model: Overview, system efforts, and future directions}},
    year = {2017},
    journal = {Bulletin of the American Meteorological Society},
    author = {Powers, Jordan G and Klemp, Joseph B. and Skamarock, William C. and Davis, Christopher A. and Dudhia, Jimy and Gill, David O. and Coen, Janice L. and Gochis, David J. and Ahmadov, Ravan and Peckham, Steven E. and Grell, Georg A. and Michalakes, John and Trahan, Samuel and Benjamin, Stanley G. and Alexander, Curtis R. and Dimego, Geoffrey J. and Wang, Wei and Schwartz, Craig S. and Romine, Glen S. and Liu, Zhiquan and Snyder, Chris and Chen, Fei and Barlage, Michael J. and Yu, Wei and Duda, miChael G},
    number = {8},
    pages = {1717--1737},
    volume = {98},
    doi = {10.1175/BAMS-D-15-00308.1},
    issn = {00030007}
}

@article{Terrado2019,
    title = {{The weather roulette a game to communicate the usefulness of probabilistic climate predictions}},
    year = {2019},
    journal = {Bulletin of the American Meteorological Society},
    author = {Terrado, MarTa and Lledo, Llorenc and Bojovic, Dragana and Clair, Asun Lera S.T. and Soret, Albert and Doblas-Reyes, Francisco J. and Manzanas, Rodrigo and San-Martin, Daniel and Christel, Isadora},
    number = {10},
    pages = {1909--1921},
    volume = {100},
    doi = {10.1175/BAMS-D-18-0214.1},
    issn = {00030007}
}

@article{Terrado2019a,
    title = {{The weather roulette a game to communicate the usefulness of probabilistic climate predictions}},
    year = {2019},
    journal = {Bulletin of the American Meteorological Society},
    author = {Terrado, Marta and Lledo, Llorenc and Bojovic, Dragana and Clair, Asun Lera S.T. and Soret, Albert and Doblas-Reyes, Francisco J. and Manzanas, Rodrigo and San-Martin, Daniel and Christel, Isadora},
    number = {10},
    pages = {1909--1921},
    volume = {100},
    doi = {10.1175/BAMS-D-18-0214.1}
}

@article{Ebert2018,
    title = {{The WMO challenge to develop and demonstrate the best new user-oriented forecast verification metric}},
    year = {2018},
    journal = {Meteorologische Zeitschrift},
    author = {Ebert, Elizabeth and Brown, Barbara and G{\"{o}}ber, Martin and Haiden, Thomas and Mittermaier, Marion and Nurmi, Pertti and Wilson, Laurie and Jackson, Sarah and Johnston, Peter and Schuster, Dieter},
    number = {6},
    pages = {435--440},
    volume = {27},
    doi = {10.1127/metz/2018/0892}
}

@article{Bierdel2017,
    title = {{Theoretical aspects of upscale error growth through the mesoscales: an analytical model}},
    year = {2017},
    journal = {Quarterly Journal of the Royal Meteorological Society},
    author = {Bierdel, L. and Selz, T. and Craig, G. C.},
    number = {709},
    pages = {3048--3059},
    volume = {143},
    doi = {10.1002/qj.3160}
}

@article{Stewart2016,
    title = {{Through the eyes of the experts: Meteorologists' perceptions of the probability of precipitation}},
    year = {2016},
    journal = {Weather and Forecasting},
    author = {Stewart, Alan E. and Williams, Castle A. and Phan, Minh D. and Horst, Alexandra L. and Knox, Evan D. and Knox, John A.},
    number = {1},
    pages = {5--17},
    volume = {31},
    doi = {10.1175/WAF-D-15-0058.1}
}

@article{Wickham2014,
    title = {{Tidy data}},
    year = {2014},
    journal = {Journal of Statistical Software},
    author = {Wickham, Hadley},
    number = {10},
    pages = {1--23},
    volume = {59},
    publisher = {American Statistical Association},
    doi = {10.18637/jss.v059.i10},
    issn = {15487660},
    keywords = {Data cleaning, Data tidying, R, Relational databases}
}

@article{Li2020,
    title = {{Toward a Commonly Shared Public Policy Perspective for Analyzing Risk Coping Strategies}},
    year = {2020},
    journal = {Risk Analysis},
    author = {Li, Yanwei and Taeihagh, Araz and Jong, Martin and Klinke, Andreas},
    pages = {risa.13505},
    doi = {10.1111/risa.13505}
}

@article{Otto,
    title = {{Towards an inventory of the impacts of human-induced climate change}},
    journal = {Bulletin of the American Meteorological Society},
    author = {Otto, Friederike E.L. and Harrington, Luke J. and Frame, David and Boyd, Emily and Lauta, Kristian Cedervall and Wehner, Michael and Clarke, Ben and Raju, Emmanuel and Boda, Chad and Hauser, Mathias and James, Rachel A. and Jones, Richard G.},
    doi = {10.1175/BAMS-D-20-0027.1}
}

@article{Villarini2010,
    title = {{Towards probabilistic forecasting of flash floods: The combined effects of uncertainty in radar-rainfall and flash flood guidance}},
    year = {2010},
    journal = {Journal of Hydrology},
    author = {Villarini, Gabriele and Krajewski, Witold F. and Ntelekos, Alexandros A. and Georgakakos, Konstantine P. and Smith, James A.},
    number = {1-2},
    pages = {275--284},
    volume = {394},
    doi = {https://doi.org/10.1016/j.jhydrol.2010.02.014}
}

@article{Paprotny2018,
    title = {{Trends in flood losses in Europe over the past 150 years}},
    year = {2018},
    journal = {Nature Communications},
    author = {Paprotny, Dominik and Sebastian, Antonia and Morales-N{\'{a}}poles, Oswaldo and Jonkman, Sebastiaan N.},
    number = {1},
    volume = {9},
    doi = {10.1038/s41467-018-04253-1}
}

@article{Hemri2014,
    title = {{Trends in the predictive performance of raw ensemble weather forecasts}},
    year = {2014},
    journal = {Geophysical Research Letters},
    author = {Hemri, S. and Scheuerer, M. and Pappenberger, F. and Bogner, K. and Haiden, T.},
    number = {24},
    pages = {9197--9205},
    volume = {41},
    doi = {10.1002/2014GL062472}
}

@article{Joslyn2012,
    title = {{Uncertainty forecasts improve weather-related decisions and attenuate the effects of forecast error}},
    year = {2012},
    journal = {Journal of Experimental Psychology: Applied},
    author = {Joslyn, Susan L. and LeClerc, Jared E.},
    number = {1},
    pages = {126--140},
    volume = {18},
    doi = {10.1037/a0025185}
}

@article{Papagiannaki2017,
    title = {{Urban area response to flash flood-triggering rainfall, featuring human behavioral factors: The case of 22 October 2015 in Attica, Greece}},
    year = {2017},
    journal = {Weather, Climate, and Society},
    author = {Papagiannaki, Katerina and Kotroni, Vassiliki and Lagouvardos, Kostas and Ruin, Isabelle and Bezes, Antonis},
    number = {3},
    pages = {621--638},
    volume = {9},
    doi = {10.1175/WCAS-D-16-0068.1}
}

@misc{Morgan2014,
    title = {{Use (and abuse) of expert elicitation in support of decision making for public policy}},
    year = {2014},
    booktitle = {Proceedings of the National Academy of Sciences of the United States of America},
    author = {Morgan, M. Granger},
    number = {20},
    pages = {7176--7184},
    volume = {111},
    doi = {10.1073/pnas.1319946111},
    issn = {10916490}
}

@article{Raftery,
    title = {{Use and communication of probabilistic forecasts}},
    year = {2016},
    journal = {Statistical Analysis and Data Mining},
    author = {Raftery, Adrian E},
    number = {6},
    pages = {397--410},
    volume = {9},
    doi = {10.1002/sam.11302},
    issn = {19321872},
    arxivId = {1408.4812},
    keywords = {calibration, cognitive research, decision theory, risk, uncertainty}
}

@techreport{Hewson2020,
    title = {{Use and Verification of ECMWF products in Member and Co-operating States (2019)}},
    year = {2020},
    booktitle = {ECMWF Technical Memorandum n. 860},
    author = {Hewson, Tim},
    number = {860},
    pages = {1--42},
    institution = {ECMWF},
    doi = {10.21957/80s471ib1}
}

@article{Haiden2016,
    title = {{Use of high-density observations in precipitation verification}},
    year = {2016},
    journal = {ECMWF Newsletter},
    author = {Haiden, Thomas and Duffy, Sinéad},
    number = {147},
    pages = {20--25},
    doi = {10.21957/hsacrdem}
}

@article{Rodwell2020,
    title = {{User decisions, and how these could guide developments in probabilistic forecasting (Accepted)}},
    year = {2020},
    journal = {Quarterly Journal of the Royal Meteorological Society},
    author = {Rodwell, M. J. and Hammond, J. and Thornton, S. and Richardson, D. S.},
    doi = {10.1002/qj.3845}
}

@article{McGovern2017,
    title = {{Using artificial intelligence to improve real-time decision-making for high-impact weather}},
    year = {2017},
    journal = {Bulletin of the American Meteorological Society},
    author = {McGovern, Amy and Elmore, Kimberly L and Gagne, David John and Haupt, Sue Ellen and Karstens, Christopher D and Lagerquist, Ryan and Smith, Travis and Williams, John K},
    number = {10},
    pages = {2073--2090},
    volume = {98},
    doi = {10.1175/BAMS-D-16-0123.1},
    issn = {00030007}
}

@article{Nielsen2016,
    title = {{Using convection-allowing ensembles to understand the predictability of an extreme rainfall event}},
    year = {2016},
    journal = {Monthly Weather Review},
    author = {Nielsen, Erik R and Schumacher, Russ S},
    number = {10},
    pages = {3651--3676},
    volume = {144},
    doi = {10.1175/MWR-D-16-0083.1}
}

@article{Segura-Beltran2016,
    title = {{Using post-flood surveys and geomorphologic mapping to evaluate hydrological and hydraulic models: The flash flood of the Girona River (Spain) in 2007}},
    year = {2016},
    journal = {Journal of Hydrology},
    author = {Segura-Beltr{\'{a}}n, F. and Sanchis-Ibor, C. and Morales-Hern{\'{a}}ndez, M. and Gonz{\'{a}}lez-Sanchis, M. and Bussi, G. and Ortiz, E.},
    pages = {310--329},
    volume = {541},
    doi = {10.1016/j.jhydrol.2016.04.039}
}

@article{Voinov2014,
    title = {{Values in socio-environmental modelling: Persuasion for action or excuse for inaction}},
    year = {2014},
    journal = {Environmental Modelling and Software},
    author = {Voinov, Alexey and Seppelt, Ralf and Reis, Stefan and Nabel, Julia E.M.S. and Shokravi, Samaneh},
    pages = {207--212},
    volume = {53},
    doi = {10.1016/j.envsoft.2013.12.005}
}

@article{Hamill2012,
    title = {{Verification of TIGGE multimodel and ECMWF reforecast-calibrated probabilistic precipitation forecasts over the contiguous United States}},
    year = {2012},
    journal = {Monthly Weather Review},
    author = {Hamill, Thomas M},
    number = {7},
    pages = {2232--2252},
    volume = {140},
    url = {http://dx.doi.org/10.1175/MWR-D-},
    doi = {10.1175/MWR-D-11-00220.1},
    issn = {00270644}
}

@article{Erickson2019,
    title = {{Verification results from the 2017 HMT–WPC flash flood and intense rainfall experiment}},
    year = {2019},
    journal = {Journal of Applied Meteorology and Climatology},
    author = {Erickson, Michael J and Kastman, Joshua S and Albright, Benjamin and Perfater, Sarah and Nelson, James A and Schumacher, Russ S and Herman, Gregory R},
    number = {12},
    pages = {2591--2604},
    volume = {58},
    doi = {10.1175/JAMC-D-19-0097.1},
    issn = {15588432}
}

@article{Pappenberger2013,
    title = {{Visualizing probabilistic flood forecast information: Expert preferences and perceptions of best practice in uncertainty communication}},
    year = {2013},
    journal = {Hydrological Processes},
    author = {Pappenberger, Florian and Stephens, Elisabeth and Thielen, Jutta and Salamon, Peter and Demeritt, David and van Andel, Schalk Jan and Wetterhall, Fredrik and Alfieri, Lorenzo},
    number = {1},
    pages = {132--146},
    volume = {27},
    doi = {10.1002/hyp.9253},
    issn = {08856087}
}

@incollection{Handmer2011,
    title = {{Warning Systems for Flash Floods: Research Needs, Opportunities and Trends}},
    year = {2011},
    booktitle = {Coping With Flash Floods},
    author = {Handmer, John and Henson, Robert and Sneeringer, Patrick and Konieczny, Roman and Madej, Pawel},
    pages = {77--89},
    publisher = {Springer Netherlands},
    doi = {https://doi.org/10.1007/978-94-010-0918-8{\_}10}
}

@article{Doswell2004,
    title = {{Weather forecasting by humans - Heuristics and decision making}},
    year = {2004},
    journal = {Weather and Forecasting},
    author = {Doswell, Charles A.},
    number = {6},
    pages = {01115--1126},
    volume = {19},
    doi = {10.1175/WAF-821.1},
    issn = {08828156}
}

@article{Gneiting2005,
    title = {{Weather forecasting with ensemble methods}},
    year = {2005},
    journal = {Science},
    author = {Gneiting, Tilmann and Raftery, Adrian E.},
    number = {5746},
    pages = {248--249},
    volume = {310},
    doi = {10.1126/science.1115255}
}

@incollection{Toth2018,
    title = {{Weather forecasting: What sets the forecast skill horizon?}},
    year = {2018},
    booktitle = {Sub-seasonal to Seasonal Prediction: The Gap Between Weather and Climate Forecasting},
    author = {Toth, Zoltan and Buizza, Roberto},
    pages = {17--45},
    publisher = {Elsevier},
    doi = {10.1016/B978-0-12-811714-9.00002-4}
}

@article{Murphy1993,
    title = {{What is a good forecast? An essay on the nature of goodness in weather forecasting}},
    year = {1993},
    journal = {Weather {\&} Forecasting},
    author = {Murphy, Allan H.},
    number = {2},
    pages = {281--293},
    volume = {8},
    doi = {10.1175/1520-0434(1993)008<0281:WIAGFA>2.0.CO;2}
}

@article{Arnal2016,
    title = {{Willingness-to-pay for a probabilistic flood forecast: A risk-based decision-making game}},
    year = {2016},
    journal = {Hydrology and Earth System Sciences},
    author = {Arnal, Louise and Ramos, Maria Helena and De Perez, Erin Coughlan and Cloke, Hannah Louise and Stephens, Elisabeth and Wetterhall, Fredrik and Van Andel, Schalk Jan and Pappenberger, Florian},
    number = {8},
    pages = {3109--3128},
    volume = {20},
    doi = {10.5194/hess-20-3109-2016}
}

@book{WorldMeteorologicalOrganization2015,
    title = {{WMO Guidelines on Multi-hazard Impact-based Forecast and Warning Services}},
    year = {2015},
    author = {{World Meteorological Organization}},
    number = {1150},
    pages = {23},
    doi = {10.1088/0029-5515/52/8/083015},
    issn = {0029-5515}
}

@article{Berz2001,
    title = {{World map of natural hazards - a global view of the distribution and intensity of significant exposures}},
    year = {2001},
    journal = {Natural Hazards},
    author = {Berz, G and Kron, W and Loster, T and Rauch, E and Schimetschek, J and Schmieder, J and Siebert, A and Smolka, A and Wirtz, A},
    number = {2-3},
    pages = {443--465},
    volume = {23},
    doi = {10.1023/A:1011193724026},
    issn = {0921030X}
}

@article{Lazo2009300Forecasts,
    title = {{300 billion served: Sources, Perceptions, Uses, and Values of Weather Forecasts}},
    year = {2009},
    journal = {Bulletin of the American Meteorological Society},
    author = {Lazo, Jeffrey K. and Morss, Rebecca E. and Demuth, Julie L.},
    number = {6},
    pages = {785--798},
    volume = {90},
    doi = {10.1175/2008BAMS2604.1}
}

@article{Dey2016AEnsembles,
    title = {{A new method for the characterization and verification of local spatial predictability for convective-scale ensembles}},
    year = {2016},
    journal = {Quarterly Journal of the Royal Meteorological Society},
    author = {Dey, Seonaid R.A. and Roberts, Nigel M. and Plant, Robert S. and Migliorini, Stefano},
    number = {698},
    pages = {1982--1996},
    volume = {142},
    doi = {10.1002/qj.2792}
}

@article{Dey2014AEnsembles,
    title = {{A spatial view of ensemble spread in convection permitting ensembles}},
    year = {2014},
    journal = {Monthly Weather Review},
    author = {Dey, Seonaid R.A. and Leoncini, Giovanni and Roberts, Nigel M. and Plant, Robert S. and Migliorini, Stefano},
    number = {11},
    pages = {4091--4107},
    volume = {142},
    doi = {10.1175/MWR-D-14-00172.1}
}

@article{Blake2018AnProbabilities,
    title = {{An adaptive approach for the calculation of ensemble gridpoint probabilities}},
    year = {2018},
    journal = {Weather and Forecasting},
    author = {Blake, Benjamin T. and Carley, Jacob R. and Alcott, Trevor I. and Jankov, Isidora and Pyle, Matthew E. and Perfater, Sarah E. and Albright, Benjamin},
    number = {4},
    pages = {1063--1080},
    volume = {33},
    doi = {10.1175/WAF-D-18-0035.1}
}

@article{Murphy1977CanTemperatures,
    title = {{Can weather forecasters formulate reliable probability forecasts of precipitation and temperatures?}},
    year = {1977},
    journal = {National Weather Digest},
    author = {Murphy, Allan H and Winkler, Robert L},
    pages = {2--9},
    volume = {2}
}

@misc{Doyle2019CommunicatingReview,
    title = {{Communicating model uncertainty for natural hazards: A qualitative systematic thematic review}},
    year = {2019},
    booktitle = {International Journal of Disaster Risk Reduction},
    author = {Doyle, Emma E.H. and Johnston, David M. and Smith, Richard and Paton, Douglas},
    pages = {449--476},
    volume = {33},
    doi = {10.1016/j.ijdrr.2018.10.023}
}

@article{Zabini2015CommunicationPublic,
    title = {{Communication and interpretation of regional weather forecasts: A survey of the Italian public}},
    year = {2015},
    journal = {Meteorological Applications},
    author = {Zabini, Federica and Grasso, Valentina and Magno, Ramona and Meneguzzo, Francesco and Gozzini, Bernardo},
    number = {3},
    pages = {495--504},
    volume = {22},
    doi = {10.1002/met.1480}
}

@article{Corral2019ComparisonForecasting,
    title = {{Comparison of two early warning systems for regional flash flood hazard forecasting}},
    year = {2019},
    journal = {Journal of Hydrology},
    author = {Corral, Carles and Berenguer, Marc and Sempere-Torres, Daniel and Poletti, Laura and Silvestro, Francesco and Rebora, Nicola},
    pages = {603--619},
    volume = {572},
    doi = {10.1016/j.jhydrol.2019.03.026}
}

@article{Murphy1974CredibleResults,
    title = {{Credible Interval Temperature Forecasting: Some Experimental Results}},
    year = {1974},
    journal = {Monthly Weather Review},
    author = {Murphy, Allan H. and Winkler, Robert L.},
    number = {11},
    pages = {784--794},
    volume = {102},
    doi = {10.1175/1520-0493(1974)102<0784:citfse>2.0.co;2}
}

@article{MelendezLandaverde2020ExploringWarnings,
    title = {{Exploring protective decision‐making in the context of impact‐based flood warnings}},
    year = {2020},
    journal = {Journal of Flood Risk Management},
    author = {Mel{\'{e}}ndez‐Landaverde, Erika R. and Werner, Micha and Verkade, Jan},
    number = {1},
    month = {3},
    volume = {13},
    publisher = {Blackwell Publishing Inc.},
    url = {https://onlinelibrary.wiley.com/doi/abs/10.1111/jfr3.12587},
    doi = {10.1111/jfr3.12587},
    issn = {1753-318X},
    keywords = {forecasting and warnings, risk communication, risk perception}
}

@article{Demuth2011ExploringForecasts,
    title = {{Exploring variations in people's sources, uses, and perceptions of weather forecasts}},
    year = {2011},
    journal = {Weather, Climate, and Society},
    author = {Demuth, Julie L. and Lazo, Jeffrey K. and Morss, Rebecca E.},
    number = {3},
    pages = {177--192},
    volume = {3},
    doi = {10.1175/2011WCAS1061.1}
}

@article{Rothfusz2018FACETsForecasting,
    title = {{FACETs : A proposed next-generation paradigm for high-impact weather forecasting}},
    year = {2018},
    journal = {Bulletin of the American Meteorological Society},
    author = {Rothfusz, Lans P. and Schneider, Russell and Novak, David and Klockow-McClain, Kimberly and Gerard, Alan E. and Karstens, Chris and Stumpf, Gregory J. and Smith, Travis M.},
    number = {10},
    pages = {2025--2043},
    volume = {99},
    doi = {10.1175/BAMS-D-16-0100.1}
}

@misc{Schwartz2017GeneratingRecommendations,
    title = {{Generating probabilistic forecasts from convection-allowing ensembles using neighborhood approaches: A review and recommendations}},
    year = {2017},
    booktitle = {Monthly Weather Review},
    author = {Schwartz, Craig S. and Sobash, Ryan A.},
    number = {9},
    pages = {3397--3418},
    volume = {145},
    doi = {10.1175/MWR-D-16-0400.1}
}

@article{0ImportedHttps://sus.regione.sardegna.it/sus/covid19/regimbarco/initlang=en,
    title = {{Imported from https://sus.regione.sardegna.it/sus/covid19/regimbarco/init?lang=en}},
    year = {0},
    url = {https://sus.regione.sardegna.it/sus/covid19/regimbarco/init?lang=en}
}

@article{Stuart2007MaintainingForecasters,
    title = {{Maintaining the role of humans in the forecast process: Analyzing the psyche of expert forecasters}},
    year = {2007},
    journal = {Bulletin of the American Meteorological Society},
    author = {Stuart, Neil A and Schultz, David M and Klein, Gary},
    number = {12},
    pages = {1893--1898},
    volume = {88},
    doi = {10.1175/BAMS-88-12-1893},
    issn = {00030007}
}

@article{Murphy1980MisinterpretationsOregon.,
    title = {{Misinterpretations of precipitation probability forecasts ( Eugene, Oregon).}},
    year = {1980},
    journal = {Bulletin of the American Meteorological Society},
    author = {Murphy, Allan H and Lichtenstein, Sarah and Fischhoff, Baruch and Winkler, Robert L},
    number = {7},
    pages = {695--701},
    volume = {61},
    doi = {10.1175/1520-0477(1980)061<0695:MOPPF>2.0.CO;2}
}

@article{Hitchens2013ObjectiveEvents,
    title = {{Objective limits on forecasting skill of rare events}},
    year = {2013},
    journal = {Weather and Forecasting},
    author = {Hitchens, Nathan M. and Brooks, Harold E. and Kay, Michael P.},
    number = {2},
    pages = {525--534},
    volume = {28},
    doi = {10.1175/WAF-D-12-00113.1}
}

@article{Sills2009OnForecaster,
    title = {{On the MSC forecasters forums and the future role of the human forecaster}},
    year = {2009},
    journal = {Bulletin of the American Meteorological Society},
    author = {Sills, David M.L.},
    number = {5},
    pages = {619--627},
    volume = {90},
    doi = {10.1175/2008BAMS2657.1}
}

@article{Thompson1952OnForecasts,
    title = {{On the Operational Deficiences in Categorical Weather Forecasts}},
    year = {1952},
    journal = {Bulletin of the American Meteorological Society},
    author = {Thompson, J. C.},
    number = {6},
    pages = {223--226},
    volume = {33},
    doi = {10.1175/1520-0477-33.6.223}
}

@article{Gonzalez1999OnFunction,
    title = {{On the Shape of the Probability Weighting Function}},
    year = {1999},
    journal = {Cognitive Psychology},
    author = {Gonzalez, Richard and Wu, George},
    number = {1},
    pages = {129--166},
    volume = {38},
    doi = {10.1006/cogp.1998.0710}
}

@article{Melhauser2012PracticalMesoscales,
    title = {{Practical and intrinsic predictability of severe and convective weather at the mesoscales}},
    year = {2012},
    journal = {Journal of the Atmospheric Sciences},
    author = {Melhauser, Christopher and Zhang, Fuqing},
    number = {11},
    pages = {3350--3371},
    volume = {69},
    doi = {10.1175/JAS-D-11-0315.1}
}

@article{Joslyn2009ProbabilityUnderstanding,
    title = {{Probability of precipitation: Assessment and enhancement of end-user understanding}},
    year = {2009},
    journal = {Bulletin of the American Meteorological Society},
    author = {Joslyn, Susan and Nadav-Greenberg, Limon and Nichols, Rebecca M.},
    number = {2},
    pages = {185--193},
    volume = {90},
    doi = {10.1175/2008BAMS2509.1}
}

@article{Zanchetta2020RecentForecasting,
    title = {{Recent advances in real-time pluvial flash flood forecasting}},
    year = {2020},
    journal = {Water (Switzerland)},
    author = {Zanchetta, Andre D.L. and Coulibaly, Paulin},
    number = {2},
    volume = {12},
    doi = {10.3390/w12020570}
}

@article{Demuth2020RecommendationsForecasters,
    title = {{Recommendations for developing useful and usable convection-allowing model ensemble information for NWS forecasters}},
    year = {2020},
    journal = {Weather and Forecasting},
    author = {Demuth, Julie L. and Morss, Rebecca E. and Jankov, Isidora and Alcott, Trevor I. and Alexander, Curtis R. and Nietfeld, Daniel and Jensen, Tara L. and Novak, David R. and Benjamin, Stanley G.},
    number = {4},
    pages = {1381--1406},
    volume = {35},
    doi = {10.1175/waf-d-19-0108.1}
}

@article{Murphy1977ReliabilityTemperature,
    title = {{Reliability of Subjective Probability Forecasts of Precipitation and Temperature}},
    year = {1977},
    journal = {Applied Statistics},
    author = {Murphy, Allan H and Winkler, Robert L},
    number = {1},
    pages = {41},
    volume = {26},
    doi = {10.2307/2346866},
    issn = {00359254}
}

@techreport{StiScienceForecast,
    title = {{Science {\&} Technology Infusion Lecture Series Uncertainty and Ensemble Forecast}},
    author = {S{\&}ti, S&ti}
}

@article{Murphy1974SubjectiveResults,
    title = {{Subjective Probability Forecasting Experiments in Meteorology: Some Preliminary Results}},
    year = {1974},
    journal = {Bulletin of the American Meteorological Society},
    author = {Murphy, Allan H. and Winkler, Robert L.},
    number = {10},
    pages = {1206--1216},
    volume = {55},
    doi = {10.1175/1520-0477(1974)055<1206:spfeim>2.0.co;2}
}

@article{Roulston2004TheScenarios,
    title = {{The boy who cried wolf revisited: The impact of false alarm intolerance on cost-loss scenarios}},
    year = {2004},
    journal = {Weather and Forecasting},
    author = {Roulston, Mark S. and Smith, L. A.},
    number = {2},
    pages = {391--397},
    volume = {19},
    doi = {10.1175/1520-0434(2004)019<0391:TBWCWR>2.0.CO;2}
}

@article{Joslyn2007TheForecasts,
    title = {{The effect of probabilistic information on threshold forecasts}},
    year = {2007},
    journal = {Weather and Forecasting},
    author = {Joslyn, Susan and Pak, Karla and Jones, David and Pyles, John and Hunt, Earl},
    number = {4},
    pages = {804--812},
    volume = {22},
    doi = {10.1175/WAF1020.1}
}

@article{Windschitl1999TheCertainty,
    title = {{The Interpretation of "Likely" Depends on the Context, but "70{\%}" Is 70{\%} - Right? the Influence of Associative Processes on Perceived Certainty}},
    year = {1999},
    journal = {Journal of Experimental Psychology: Learning Memory and Cognition},
    author = {Windschitl, Paul D and Weber, Elke U},
    number = {6},
    pages = {1514--1533},
    volume = {25},
    doi = {10.1037/0278-7393.25.6.1514},
    issn = {02787393}
}

@article{Kox2017ToWeather,
    title = {{To act or not to act? Factors influencing the general public’s decision about whether to take protective action against severe weather}},
    year = {2017},
    journal = {Weather, Climate, and Society},
    author = {Kox, Thomas and Thieken, Annegret H.},
    number = {2},
    pages = {299--315},
    volume = {9},
    doi = {10.1175/WCAS-D-15-0078.1}
}

@article{Argyle2017TowardTool,
    title = {{Toward a user-centered design of a weather forecasting decision-support tool}},
    year = {2017},
    journal = {Bulletin of the American Meteorological Society},
    author = {Argyle, Elizabeth M. and Gourley, Jonathan J. and Flamig, Zachary L. and Hansen, Tracy and Manross, Kevin},
    number = {2},
    pages = {373--382},
    volume = {98},
    doi = {10.1175/BAMS-D-16-0031.1}
}

@article{Demuth2007WASIS:Science,
    title = {{WAS*IS: Building a community for integrating meteorology and social science}},
    year = {2007},
    journal = {Bulletin of the American Meteorological Society},
    author = {Demuth, Julie L. and Gruntfest, Eve and Morss, Rebecca E. and Drobot, Sheldon and Lazo, Jeffrey K.},
    number = {11},
    pages = {1729--1737},
    volume = {88},
    doi = {10.1175/BAMS-88-11-1729}
}