@article{AMS2008,
  title={Enhancing weather information with probability forecasts},
  author={Council, AMS},
  journal={Bull. Amer. Meteor. Soc},
  volume={89},
  pages={1049--1053},
  year={2008}
}

@article{Arnal2016,
author = {Arnal, Louise and Ramos, Maria Helena and {De Perez}, Erin Coughlan and Cloke, Hannah Louise and Stephens, Elisabeth and Wetterhall, Fredrik and {Van Andel}, Schalk Jan and Pappenberger, Florian},
doi = {10.5194/hess-20-3109-2016},
journal = {Hydrol. Earth Syst. Sci.},
number = {8},
pages = {3109--3128},
title = {{Willingness-to-pay for a probabilistic flood forecast: A risk-based decision-making game}},
volume = {20},
year = {2016}
}

@article{Bauer2015,
author = {Bauer, Peter and Thorpe, Alan and Brunet, Gilbert},
doi = {10.1038/nature14956},
journal = {Nature},
number = {7567},
pages = {47--55},
title = {{The quiet revolution of numerical weather prediction}},
volume = {525},
year = {2015}
}

@article{Buizza2008,
author = {Buizza, Roberto},
doi = {10.1002/asl.170},
journal = {Atmospheric Science Letters},
number = {2},
pages = {36--42},
title = {{The value of probabilistic prediction}},
volume = {9},
year = {2008}
}

@article{Buizza2018a,
author = {Buizza, Roberto},
doi = {10.1002/qj.3370},
journal = {Quarterly Journal of the Royal Meteorological Society},
number = {S1},
pages = {1--11},
title = {{Introduction to the special issue on “25 years of ensemble forecasting”}},
volume = {145},
year = {2019}
}

@article{Du2007,
author = {Du, Jun},
journal = {Science and Technology Infusion Lecture Series},
title = {{Uncertainty and Ensemble Forecast}},
url = {https://www.nws.noaa.gov/ost/climate/STIP/STILecture1.pdf},
year = {2007}
}

@article{Fundel2019,
author = {Fundel, Vanessa J. and Fleischhut, Nadine and Herzog, Stefan M. and G{\"{o}}ber, Martin and Hagedorn, Renate},
doi = {10.1002/qj.3482},
journal = {Quarterly Journal of the Royal Meteorological Society},
number = {S1},
pages = {210--231},
title = {{Promoting the use of probabilistic weather forecasts through a dialogue between scientists, developers and end-users}},
volume = {145},
year = {2019}
}

@article{Gascon2018,
author = {Gasc{\'{o}}n, Est{\'{i}}baliz and Hewson, Tim and Haiden, Thomas},
doi = {10.1175/WAF-D-17-0114.1},
journal = {Weather and Forecasting},
number = {1},
pages = {89--108},
title = {{Improving predictions of precipitation type at the surface: Description and verification of two new products from the ECMWF ensemble}},
volume = {33},
year = {2018}
}

@article{Gigerenzer2005,
author = {Gigerenzer, Gerd and Hertwig, Ralph and {Van Den Broek}, Eva and Fasolo, Barbara and Katsikopoulos, Konstantinos V},
doi = {10.1111/j.1539-6924.2005.00608.x},
journal = {Risk Analysis},
number = {3},
pages = {623--629},
title = {{"A 30{\%} chance of rain tomorrow": How does the public understand probabilistic weather forecasts?}},
volume = {25},
year = {2005}
}

@article{Gneiting2014a,
author = {Gneiting, Tilmann and Katzfuss, Matthias},
doi = {10.1146/annurev-statistics-062713-085831},
journal = {Annual Review of Statistics and Its Application},
number = {1},
pages = {125--151},
title = {{Probabilistic Forecasting}},
volume = {1},
year = {2014}
}

@article{Hewson2020,
author = {Hewson, Tim},
doi = {10.21957/80s471ib1},
journal = {ECMWF Technical Memorandum},
title = {{Use and Verification of ECMWF products in Member and Co-operating (2019)}},
volume = {860},
year = {2020}
}

@article{Hewson2020a,
archivePrefix = {arXiv},
arxivId = {arXiv:2003.14397},
author = {Hewson, Tim and Pillosu, Fatima},
eprint = {arXiv:2003.14397},
journal = {Preprint},
title = {{A new low cost tecnique improves weather forecast across the world}},
year = {2020}
}

@article{Ihasz2018,
author = {Ih{\'{a}}sz, Istv{\'{a}}n and M{\'{a}}trai, Amarilla and Szintai, Bal{\'{a}}zs and Szucs, Mih{\'{a}}ly and Bonta, Imre},
doi = {10.28974/idojaras.2018.1.5},
journal = {Idojaras - Quarterly Journal of the Hungarian Meteorological Service},
number = {1},
pages = {59--79},
title = {{Application of European numerical weather prediction models for hydrological purposes}},
volume = {122},
year = {2018}
}

@article{jimenez2020,
  author={Jim{\'e}nez, Samuel A Viana and Dumenjo, Joan Ar{\'u}s and Bo{\'\i}x, Agust{\'\i} Pladevall and Herrero, Sergi Gonz{\'a}lez and Berghaenel, Ram{\'o}n Pascual and Mir{\'o}, Joan Carles Bull{\'o}n},
  journal={Acta de las Jornadas Cient{\'\i}ficas de la Asociaci{\'o}n Meteorol{\'o}gica Espa{\~n}ola},
  title={?`Hacia la predicci{\'o}n operativa 2.0? Ventajas e inconvenientes de una profesi{\'o}n en constante transformaci{\'o}n},
  volume={33},
  year={2014},
  url = {https://pub.ame-web.org/index.php/JRD/article/view/2018},
}

@article{Joslyn2007,
author = {Joslyn, Susan and Pak, Karla and Jones, David and Pyles, John and Hunt, Earl},
doi = {10.1175/WAF1020.1},
journal = {Weather and Forecasting},
number = {4},
pages = {804--812},
title = {{The effect of probabilistic information on threshold forecasts}},
volume = {22},
year = {2007}
}

@article{Joslyn2010,
author = {Joslyn, Susan and Savelli, Sonia},
doi = {10.1002/met.190},
journal = {Meteorological Applications},
number = {2},
pages = {180--195},
title = {{Communicating forecast uncertainty: Public perception of weather forecast uncertainty}},
volume = {17},
year = {2010}
}

@article{Joslyn2012,
author = {Joslyn, Susan L. and LeClerc, Jared E.},
doi = {10.1037/a0025185},
journal = {Journal of Experimental Psychology: Applied},
number = {1},
pages = {126--140},
title = {{Uncertainty forecasts improve weather-related decisions and attenuate the effects of forecast error}},
volume = {18},
year = {2012}
}

@article{Joslyn2013,
author = {Joslyn, Susan and LeClerc, Jared},
doi = {10.1177/0963721413481473},
journal = {Current Directions in Psychological Science},
number = {4},
pages = {308--315},
title = {{Decisions With Uncertainty: The Glass Half Full}},
volume = {22},
year = {2013}
}


@article{Lorenz1963,
author = {Lorenz, Edward N.},
doi = {10.1175/1520-0469(1963)020<0130:dnf>2.0.co;2},
journal = {Journal of the Atmospheric Sciences},
number = {2},
pages = {130--141},
title = {{Deterministic Nonperiodic Flow}},
volume = {20},
year = {1963}
}

@article{Matrai2017,
author = {Matrai, Amarilla and Ih{\'{a}}sz, Istv{\'{a}}n},
doi = {10.21957/cf1598},
journal = {ECMWF Newsletter},
number = {152},
pages = {37--40},
title = {{Calibrating forecasts of heavy precipitation in river catchments}},
year = {2017}
}

@article{Murphy1993,
author = {Murphy, Allan H.},
doi = {10.1175/1520-0434(1993)008<0281:WIAGFA>2.0.CO;2},
journal = {Weather {\&} Forecasting},
number = {2},
pages = {281--293},
title = {{What is a good forecast? An essay on the nature of goodness in weather forecasting}},
volume = {8},
year = {1993}
}

@book{NationalResearchCouncil2006,
address = {Washington, DC},
author = {{National Research Council}},
booktitle = {Natl. Acad. Press},
doi = {10.17226/11699},
title = {{Completing the Forecast: Characterizing and Communicating Uncertainty for Better Decisions Using Weather and Climate Forecasts}},
year = {2006}
}

@article{Novak2008,
author = {Novak, David R. and Bright, David R. and Brennan, Michael J.},
doi = {10.1175/2008WAF2222142.1},
journal = {Weather and Forecasting},
number = {6},
pages = {1069--1084},
title = {{Operational forecaster uncertainty needs and future roles}},
volume = {23},
year = {2008}
}

@article{Owens2018,
author = {Owens, R.G. and Hewson, T.},
doi = {10.21957/m1cs7h},
title = {{ECMWF Forecast User Guide}},
url = {https://www.ecmwf.int/node/16559},
year = {2018}
}

@article{Palmer2002,
author = {Palmer, T. N.},
doi = {10.1256/0035900021643593},
journal = {Quarterly Journal of the Royal Meteorological Society},
number = {581},
pages = {747--774},
title = {{The economic value of ensemble forecasts as a tool for risk assessment: From days to decades}},
volume = {128},
year = {2002}
}

@article{Palmer2017,
author = {Palmer, Tim},
doi = {10.1002/2017MS000999},
journal = {Journal of Advances in Modeling Earth Systems},
number = {2},
pages = {730--734},
title = {{The primacy of doubt: Evolution of numerical weather prediction from determinism to probability}},
volume = {9},
year = {2017}
}

@article{Palmer2019,
author = {Palmer, Tim},
doi = {10.1002/qj.3383},
journal = {Quarterly Journal of the Royal Meteorological Society},
number = {S1},
pages = {12--24},
title = {{The ECMWF ensemble prediction system: Looking back (more than) 25 years and projecting forward 25 years}},
volume = {145},
year = {2019}
}

@book{Patton2002,
author = {Patton, Michael Quinn},
edition = {3},
pages = {806},
publisher = {Sage Publications},
title = {{Qualitative Research And Evaluation Methods}},
year = {2002}
}

@article{Ramos2013,
author = {Ramos, M H and {Van Andel}, S J and Pappenberger, F},
doi = {10.5194/hess-17-2219-2013},
journal = {Hydrology and Earth System Sciences},
number = {6},
pages = {2219--2232},
title = {{Do probabilistic forecasts lead to better decisions?}},
volume = {17},
year = {2013}
}

@article{Richardson2000,
author = {Richardson, D. S.},
doi = {https://doi.org/10.1002/qj.49712656313},
journal = {Quarterly Journal of the Royal Meteorological Society},
number = {563},
pages = {649--667},
title = {{Skill and relative economic value of the ECMWF ensemble prediction system}},
volume = {126},
year = {2000}
}

@article{Richardson2001,
author = {Richardson, D. S.},
doi = {https://doi.org/10.1002/qj.49712757715},
journal = {Q. J. R. Meteorol. Soc.},
number = {577},
pages = {2473--2489},
title = {{Measures of skill and value of ensemble prediction systems, their interrelationship and the effect of ensemble size}},
volume = {127},
year = {2001}
}

@article{Richardson2020,
author = {Richardson, David S. and Cloke, Hannah L. and Pappenberger, Florian},
doi = {10.1029/2020gl087934},
journal = {Geophysical Research Letters},
number = {11},
pages = {},
title = {{Evaluation of the consistency of ECMWF ensemble forecasts}},
volume = {47},
year = {2020}
}

@article{Roulston2006,
author = {Roulston, Mark S and Bolton, Gary E and Kleit, Andrew N and Sears-Collins, Addison L},
doi = {10.1175/WAF887.1},
journal = {Weather and Forecasting},
number = {1},
pages = {116--122},
title = {{A laboratory study of the benefits of including uncertainty information in weather forecasts}},
volume = {21},
year = {2006}
}

@article{Roulston2009,
author = {Roulston, Mark S. and Kaplan, Todd R.},
doi = {10.1002/met.113},
journal = {Meteorol. Appl.},
number = {2},
pages = {237--244},
title = {{A laboratory-based study of understanding of uncertainty in 5-day site-specific temperature forecasts}},
volume = {16},
year = {2009}
}

@article{Stewart2016,
author = {Stewart, Alan E. and Williams, Castle A. and Phan, Minh D. and Horst, Alexandra L. and Knox, Evan D. and Knox, John A.},
doi = {10.1175/WAF-D-15-0058.1},
journal = {Weather and Forecasting},
number = {1},
pages = {5--17},
title = {{Through the eyes of the experts: Meteorologists' perceptions of the probability of precipitation}},
volume = {31},
year = {2016}
}

@article{Vannitsem2020,
archivePrefix = {arXiv},
arxivId = {arXiv:2004.06582},
author = {Vannitsem, St{\'{e}}phane and Bremnes, John Bj{\o}rnar and Demaeyer, Jonathan and Evans, Gavin R. and Flowerdew, Jonathan and Hemri, Stephan and Lerch, Sebastian and Roberts, Nigel and Theis, Susanne and Atencia, Aitor and Bouall{\`{e}}gue, Zied Ben and Bhend, Jonas and Dabernig, Markus and {De Cruz}, Lesley and Hieta, Leila and Mestre, Olivier and Moret, Lionel and Plenkovi{\'{c}}, Iris Odak and Schmeits, Maurice and Taillardat, Maxime and {Van den Bergh}, Joris and {Van Schaeybroeck}, Bert and Whan, Kirien and Ylhaisi, Jussi},
eprint = {arXiv:2004.06582},
journal = {Pre-print},
title = {{Statistical Postprocessing for Weather Forecasts – Review , Challenges and Avenues in a Big Data World}},
year = {2020}
}

@article{Zhang2019,
author = {Zhang, Qinghong and Li, Liye and Ebert, Beth and Golding, Brian and Johnston, David and Mills, Brian and Panchuk, Shannon and Potter, Sally and Riemer, Michael and Sun, Juanzhen and Taylor, Andrea and Jones, Sarah and Ruti, Paolo and Keller, Julia},
doi = {10.1016/j.scib.2019.04.003},
journal = {Science Bulletin},
number = {10},
pages = {647--649},
title = {{Increasing the value of weather-related warnings}},
volume = {64},
year = {2019}
}

@article{Zhu2002,
author = {Zhu, Yuejian and Toth, Zoltan and Wobus, Richard and Richardson, David and Mylne, Kenneth},
doi = {https://doi.org/10.1175/1520-0477(2002)083<0073:TEVOEB>2.3.CO;2},
journal = {Bulletin of the American Meteorological Society},
number = {1},
pages = {73--84},
title = {{The economic value of ensemble-based weather forecasts}},
volume = {83},
year = {2002}
}